3296 5700
504 515 574 590 286
892 531 1107 586 anonvmus

501 752 717 824 solertiffimus
739 752 882 848 prelatus
903 757 1017 849 petius
1046 751 1139 821 suum
1161 748 1401 847 hagiographie
1426 776 1526 822 anm·

501 859 585 930 rium
602 858 691 949 fecit,
707 860 742 929 &
756 881 791 930 ut
804 859 971 930 Christum
988 861 1022 929 in
1041 855 1195 929 omnibus
1212 857 1418 952 exprimeret,
1437 856 1527 952 quid·

502 961 582 1062 quid
599 963 710 1057 divini,
736 964 897 1062 quidquid
920 966 1001 1064 legis
1026 961 1238 1035 ecclesiastice
1259 959 1405 1060 legendo
1422 988 1529 1060 perce·

502 1073 560 1169 pit,
577 1071 643 1142 hoc
659 1070 807 1144 moribus
820 1071 981 1146 &habitu
999 1068 1137 1142 fideliter
1153 1066 1356 1164 assequendo
1369 1069 1529 1166 implevit

501 1182 536 1250 ln
552 1175 684 1277 singulis
707 1205 788 1277 ergo
812 1176 983 1252 virtutibus
1007 1179 1075 1248 iam
1096 1173 1356 1248 excellentiffime
1372 1176 1532 1270 eminam,

499 1285 544 1356 ita
561 1287 676 1358 etumit
692 1285 934 1382 perfectissimus
952 1287 986 1357 in
1004 1283 1145 1372 Christo,
1170 1305 1206 1351 ut
1223 1281 1269 1352 nil
1285 1281 1460 1379 cogitaret,
1477 1283 1532 1354 nih

415 1460 419 1468 .
502 1387 567 1464 effe
583 1417 661 1464 cum
677 1391 819 1464 Christo.

553 1501 596 1570 [ll.
632 1502 780 1596 Qumis
804 1524 878 1593 ergo
902 1505 964 1568 inm
990 1500 1137 1590 abnegato
1159 1497 1277 1590 seipso,
1304 1497 1446 1564 mundum
1473 1521 1533 1568 rant

499 1631 607 1693 mente,
625 1633 712 1698 quarn
729 1611 830 1676 habitu
844 1605 992 1697 cnleeffer,
1012 1609 1116 1673 timere
1131 1625 1229 1672 tumen
1249 1601 1326 1692 deest
1334 1605 1532 1694 perfetiioni,

499 1714 579 1803 quod
596 1717 626 1781 in
643 1713 743 1782 natali
751 1713 825 1806 solo
841 1711 995 1805 parentele
1007 1712 1146 1803 dignitas
1163 1707 1385 1799 aliquantulum
1394 1711 1534 1800 farne&

500 1822 625 1888 honoris
650 1823 716 1912 fibi,
747 1821 820 1889 licet
843 1819 972 1905 nolenti,
1005 1818 1146 1895 eddidit;
1175 1812 1364 1885 decreverat
1391 1815 1535 1913 patriam

500 1921 623 2020 egredi,
646 1926 681 1994 ἃ
708 1948 777 1994 tam
799 1926 932 2022 ignotus
957 1947 1057 2019 quam
1079 1947 1179 2020 egens
1206 1946 1270 2019 pro
1292 1920 1426 1993 Christo
1443 1946 1535 2018 pere

499 2029 631 2126 grinati.
657 2029 691 2100 Et
708 2056 750 2102 ne
766 2029 851 2100 solus
871 2055 910 2101 ex
935 2029 997 2101 suis
1014 2028 1133 2100 Christi
1151 2027 1264 2099 militie
1288 2025 1535 2122 adscriberetur,

493 2162 614 2231 putrem
635 2142 754 2207 nomine
772 2139 969 2231 &chordam
997 2161 1105 2230 genere
1127 2134 1158 2204 ὃ
1180 2138 1267 2205 rebus
1288 2136 1417 2222 clarum,
1443 2133 1535 2230 adiit,

500 2243 596 2339 eique
629 2242 745 2315 mundi
777 2267 984 2316 contemtum
1009 2241 1370 2340 &peregrinationem
1401 2242 1536 2316 suadete

498 2351 594 2446 cepit.
622 2351 703 2447 Qvi,
729 2377 806 2422 cum
824 2349 967 2422 obiceret
991 2349 1058 2420 filio
1079 2345 1134 2420 fibi
1157 2346 1261 2420 videri
1277 2346 1537 2424 crudeliffimum

498 2459 683 2528 &omnino
697 2455 739 2529 ab
749 2458 952 2530 humanitate
962 2457 1105 2528 alienum
1122 2454 1207 2526 filios
1218 2453 1346 2546 orbate,
1355 2460 1538 2557 coniugem

499 2562 646 2655 viduare,
660 2562 798 2636 domum
811 2589 917 2636 totam
926 2562 1082 2655 desolare,
1094 2562 1258 2636 instillavit
1270 2565 1300 2634 ei
1311 2563 1442 2636 sandius
1452 2566 1537 2638 Wu-

499 2667 639 2741 libaldus
651 2671 698 2741 nil
708 2671 821 2744 divino
836 2666 1218 2768 amoripreponendum,
1230 2670 1317 2741 hanc
1329 2697 1392 2767 pro
1402 2671 1538 2743 Christo

499 2774 723 2849 crudelitatem
746 2780 840 2849 omni
857 2779 978 2874 pietate
994 2776 1225 2848 humaniorem
1242 2776 1394 2873 solosque
1412 2778 1535 2852 mundi

498 2908 722 2955 contemtores
743 2884 863 2955 Christi
893 2884 1018 2956 fitturos
1042 2880 1231 2954 coheredes.
1255 2883 1370 2955 vietus
1395 2882 1539 2959 demum

498 2989 632 3064 veridici
652 2989 707 3082 filij
738 2992 935 3084 narratione,
957 2992 990 3062 se
1006 2988 1310 3087 obtemperaturum
1329 2995 1365 3064 δι
1382 3017 1538 3088 quocun·

499 3123 563 3194 que
583 3125 604 3169 a
622 3123 700 3168 cato
717 3095 889 3170 duceretur
909 3099 1051 3197 pignore
1072 3097 1258 3170 secuturum
1274 3101 1450 3196 promittit.
1484 3105 1538 3172 ln·

498 3203 677 3276 cenderat&
688 3207 1061 3299 idemfelixardorsent‘ii
1074 3207 1398 3298 WiHr'boldifiatrent
1416 3213 1539 3280 [Fune-

498 3313 631 3398 daldum,
650 3314 923 3409 Heidenheimenfis
950 3316 1068 3400 cenobij
1092 3316 1316 3404 corfirudiorem
1342 3311 1373 3383 d
1395 3316 1540 3386 abdaram

490 3424 644 3510 futurum,
656 3446 767 3490 necnon
784 3419 816 3490 ὃ
833 3424 983 3490 amborum
992 3423 1144 3513 feroran,
1160 3425 1309 3514 virginum
1322 3423 1424 3508 decus,
1440 3425 1541 3492 Wal-

489 3551 624 3620 purgam
645 3527 810 3623 multosque
834 3529 964 3620 eiusdem
987 3553 1044 3596 non
1060 3527 1164 3620 solnm
1187 3532 1388 3621 cognationis,
1411 3531 1479 3622 sed
1504 3529 1538 3600 ἃ·

487 3637 603 3728 patrie,
622 3657 664 3719 ut,
678 3658 764 3727 cepto
778 3639 875 3705 crucis
887 3634 1011 3722 vexillo,
1030 3636 1105 3704 nudi
1119 3635 1272 3704 evolarent
1277 3636 1416 3728 secuturi
1426 3661 1539 3729 regent

520 3741 608 3811 Iorie.
1197 3757 1200 3764 '

495 3766 519 3835 g
548 3845 601 3916 IV:
618 3846 719 3916 Anno
735 3845 770 3916 in
785 3843 917 3919 estatem
934 3871 1101 3940 vernante,
1118 3873 1196 3920 cum
1211 3849 1317 3921 ventis
1330 3845 1540 3945 patientibus

499 3953 607 4050 prima
623 3949 704 4022 fides
717 3951 872 4024 arrideret
883 3953 1016 4052 pelag0,
1034 3954 1135 4024 sandii
1148 3954 1259 4026 fratres
1274 3952 1489 4027 Willibaldus
1503 3959 1542 4028 ἀ

499 4057 731 4131 Wunebaldus
743 4084 920 4156 compatre
933 4065 1090 4154 Riehmo
1104 4061 1135 4131 ὂ
1140 4065 1250 4153 sorore
1263 4069 1312 4130 W
1309 4063 1441 4156 alpurga
1451 4061 1542 4134 aliis·

501 4192 566 4263 que
582 4191 654 4237 non
665 4168 788 4263 paucis,
803 4173 967 4260 inquorum
979 4172 1155 4263 pedoribus
1173 4171 1253 4238 idem
1263 4173 1406 4262 fervebat
1425 4173 1538 4259 ardor,

500 4273 578 4354 navi
592 4272 779 4365 conscensa,
794 4273 854 4344 iter
871 4297 1023 4370 optatum
1037 4275 1205 4372 arripiunt,
1217 4277 1263 4368 dc,
1275 4276 1379 4348 ventis
1395 4273 1541 4348 feliciter
