3432 5710
511 527 576 624 198
971 528 1077 625 (518)

507 780 520 811 ‹
538 755 665 836 patriam
680 754 874 816 revertamini
890 756 921 816 in
938 774 1029 836 pace:
1046 755 1075 818 dt
1090 777 1149 839 ego
1164 754 1230 839 post
1244 777 1300 820 vos
1315 756 1368 820 illa
1387 755 1539 821 tratrsmit·

507 870 520 901 e
538 859 608 906 tam.
624 867 636 899 s
658 841 738 906 Patri
750 863 823 925 ergo
834 842 1020 923 valedicunt,
1031 847 1159 928 patriam
1171 845 1389 926 adveniunt&
1401 845 1493 908 allata
1501 845 1539 907 ab

504 930 612 1012 angelo
629 929 692 992 Dei
706 952 833 994 munera
847 933 1012 1014 accipiunt.
1030 957 1042 991 s

576 1057 754 1126 [Anonymus‚
777 1057 835 1110 Vita
849 1057 874 1122 fi
894 1057 1011 1112 Davidis
1030 1061 1187 1130 (cappae,
1209 1059 1289 1114 Nova
1310 1059 1417 1129 legenda
1436 1059 1538 1128 Angsie,

504 1136 597 1201 Lond,
612 1141 689 1201 1516,
702 1135 771 1201 in·s.‚
784 1135 803 1188 f.
817 1137 901 1190 lxxxiv
915 1137 961 1208 b).]

547 1307 561 1338 ι
578 1281 720 1346 Coelestis
735 1299 837 1345 autem
852 1284 985 1364 nuntius,
1003 1284 1041 1346 ad
1057 1283 1075 1345 s.
1093 1283 1196 1346 David
1211 1284 1242 1345 in
1257 1282 1370 1368 Restm
1393 1282 1473 1346 valle
1487 1305 1537 1344 ve-

505 1371 602 1448 niens,
625 1371 717 1432 dixit:
742 1371 864 1455 «Surge
879 1372 909 1435 &
925 1375 1000 1434 vade
1018 1374 1049 1434 in
1064 1370 1268 1458 Hierusalem,
1291 1389 1325 1433 ut
1344 1372 1397 1433 ubi
1412 1371 1539 1454 gradum

508 1458 738 1541 «episcopalem
752 1459 898 1543 suscipias,
914 1461 943 1524 δι
958 1461 1035 1522 adde
1050 1461 1104 1523 tibi
1120 1462 1197 1524 duos
1211 1460 1384 1543 condignos
1399 1463 1538 1538 comites,

507 1573 520 1604 ι
536 1546 699 1610 Paternum
708 1547 850 1611 videlicet
860 1549 889 1612 δι
898 1548 1055 1628 Teliaum,
1065 1551 1116 1634 qui
1125 1550 1162 1612 ad
1174 1551 1318 1611 eumdem
1325 1549 1456 1631 gradum
1466 1550 1538 1632 epis-

431 1691 433 1694 .
508 1634 674 1718 ‹copalem
689 1639 864 1718 promoveri
880 1635 1009 1720 possunt.
1033 1664 1045 1696 a
1070 1637 1152 1700 Mox
1169 1653 1281 1716 autem,
1300 1637 1393 1700 missis
1414 1638 1451 1700 ad
1473 1637 1538 1704 illos

505 1724 699 1802 nuntiiasme
711 1745 797 1786 mora
812 1741 970 1788 venerunt.
986 1725 1044 1789 Per
1058 1727 1198 1789 barbaras
1210 1743 1313 1789 autem
1325 1728 1469 1788 nationes
1486 1727 1539 1788 iter

505 1827 638 1894 agentes,
662 1813 790 1896 gratiam
812 1813 984 1896 linguarum
1004 1837 1022 1877 a
1041 1816 1182 1878 Domino
1212 1831 1410 1897 acceperunt,
1430 1835 1538 1876 unum·

506 1921 659 1984 quemque
674 1901 831 1963 hominem
846 1906 968 1984 propria
983 1902 1095 1986 lingua,
1116 1905 1147 1966 in
1163 1925 1224 1986 qua
1237 1919 1326 1968 natus
1341 1905 1452 1980 fuerat,
1465 1901 1538 1964 allo·

505 2005 642 2072 quentes.
655 1989 705 2052 Ad
715 1990 823 2052 urbem
831 1990 1018 2080 Hierusalem
1027 1994 1149 2054 tandem
1158 1994 1349 2070 accedentes,
1358 1991 1538 2054 nobiiiffime

506 2075 572 2158 post
586 2077 739 2160 apostolos
754 2077 960 2160 praedicabant
974 2097 1083 2142 contra
1093 2076 1214 2143 Iudaeos
1229 2079 1259 2142 δι
1273 2075 1411 2142 haercstm
1426 2076 1536 2139 ibidem

505 2178 619 2226 ortam:
638 2187 709 2228 nam
725 2165 926 2250 unusquisque
942 2168 971 2229 in
986 2166 1090 2250 lingua
1103 2168 1153 2229 sua
1166 2190 1219 2232 eos
1241 2168 1406 2251 loquentes
1427 2164 1538 2228 intelli-

504 2253 624 2336 gebant
651 2253 708 2316 Per
723 2252 950 2334 impositionem
963 2255 1065 2337 postea
1078 2277 1185 2319 manus
1198 2258 1388 2338 patriarche,
1408 2253 1536 2336 episcopi

506 2341 636 2404 ordinati
659 2342 735 2421 sunt,
749 2343 779 2405 δι
794 2343 970 2406 muneribus
990 2343 1096 2421 ditati3
1119 2343 1266 2407 Paternus
1286 2342 1415 2428 quidem
1437 2344 1536 2405 runica

506 2451 544 2492 ex
564 2451 637 2491 auro
658 2430 787 2494 texta&
808 2431 917 2492 baculo
934 2433 1054 2494 ditatur.
1076 2433 1212 2515 Regressi
1226 2451 1330 2495 autem
1345 2433 1381 2494 ad
1401 2431 1535 2514 patriam,

506 2519 537 2579 in
559 2535 618 2581 tres
632 2518 823 2600 episcopatus
837 2519 1026 2584 Britanniam
1041 2519 1214 2584 diviserunt,
1232 2545 1245 2578 s

579 2642 715 2712 [Iohannes
725 2643 942 2708 Tinmonrhensrs,
954 2643 1044 2712 Vitas.
1058 2645 1161 2697 Paterni
1171 2647 1331 2714 (Capgrave‚
1345 2647 1427 2698 Nova
1437 2643 1538 2712 legenda

509 2723 602 2792 Angsiae
616 2723 708 2790 [Lond.
724 2729 797 2790 1516,
811 2723 876 2793 in-s]
888 2724 905 2775 s.
918 2724 989 2789 cclix,
1003 2726 1026 2776 a
1040 2727 1093 2776 AA.
1104 2727 1142 2777 SS.
1153 2724 1221 2790 uolt,
1240 2743 1249 2775 r
1256 2745 1268 2792 5
1282 2725 1360 2794 Apr.,
1373 2725 1407 2788 11,
1419 2741 1443 2792 p.
1456 2725 1536 2790 379).]

550 2898 561 2929 ‹
580 2872 698 2934 Videns
715 2869 802 2934 Deus
822 2871 939 2936 sanctos
959 2871 1027 2936 suos
1046 2889 1093 2936 tot
1113 2875 1273 2936 decoratos
1292 2871 1353 2936 esse
1367 2872 1538 2948 virtutibus,

508 2961 655 3024 indicavit
678 2981 731 3023 eos
760 2961 987 3042 promovendos
1015 2959 1074 3024 esse
1098 2961 1303 3025 ecclesiasticis
1333 2961 1536 3044 dignitatibus.

508 3044 595 3110 Misit
606 3047 689 3109 enim
701 3047 857 3130 Angelum
874 3047 958 3109 suum
973 3050 1010 3113 ad
1027 3049 1155 3128 saeuos,
1169 3051 1220 3132 qui
1236 3051 1392 3112 nuntiaret
1406 3050 1536 3112 eundum

507 3135 551 3199 eis
573 3133 629 3198 esse
652 3138 688 3197 ad
711 3134 841 3200 sanctam
861 3137 1017 3201 civitatem
1036 3139 1204 3288 brugiam,
1224 3155 1258 3200 ut
1278 3139 1320 3200 ibi
1343 3136 1403 3200 suae
1424 3135 1536 3198 militiae

508 3223 651 3287 donativa
671 3225 851 3307 reciperent.
874 3225 974 3288 Sandis
998 3247 1083 3305 vero,
1132 3226 1195 3289 siud
1215 3228 1360 3289 videlicet
1379 3226 1410 3288 δι
1427 3223 1536 3302 David,

509 3311 581 3375 Deo
595 3312 648 3374 suo
664 3334 716 3394 per
730 3315 834 3375 omnia
848 3313 1036 3394 obedientes,
1053 3337 1117 3376 non
1132 3315 1199 3378 sunt
1212 3312 1273 3377 aust
1287 3312 1419 3376 resistere
1434 3313 1534 3374 divino

507 3401 606 3480 nutui,
621 3400 668 3463 sed
683 3400 846 3465 Paternum
858 3403 958 3464 virum
972 3402 1044 3466 Deo
1056 3425 1162 3466 carum
1172 3404 1224 3466 fibi
1236 3399 1427 3480 associantes,
1437 3401 1467 3463 δι
1478 3417 1535 3462 tres

508 3491 539 3552 in
549 3489 715 3552 Trinitatis
729 3491 855 3551 nomine
870 3489 1040 3552 iniundium
1055 3489 1108 3553 sthi
1123 3493 1180 3554 iter
1193 3493 1399 3574 incoeperunt,
1416 3489 1533 3553 sednon

508 3592 542 3639 ut
551 3577 640 3639 multi
652 3580 882 3660 peregrinorum
893 3579 1018 3657 faciunt,
1033 3578 1129 3641 multa
1141 3581 1271 3642 adunata
1286 3578 1427 3661 pecunia,
1441 3579 1533 3639 immo

508 3663 569 3728 fine
581 3664 690 3728 baculo
702 3665 731 3728 δι
744 3687 823 3748 pera,
835 3664 984 3748 sperantes
996 3667 1098 3749 potius
1109 3668 1140 3728 in
1153 3667 1250 3745 issum,
1264 3668 1317 3750 qui
1330 3666 1382 3728 dat
1392 3667 1532 3728 iumentis

508 3754 605 3815 escam
626 3753 760 3836 ipsorum
781 3754 811 3815 δε
829 3754 920 3835 pullis
942 3776 1106 3817 corvorum
1129 3755 1342 3817 invocantibus
1364 3776 1445 3816 eum.
1467 3753 1533 3816 Nec

508 3839 615 3902 frustra
632 3842 798 3924 sperantes:
821 3839 909 3906 Deus
923 3844 1006 3905 enim
1026 3863 1079 3925 per
1096 3841 1201 3905 fideles
1217 3843 1283 3906 suos
1298 3843 1411 3904 cundia
1425 3843 1467 3905 eis
1482 3863 1532 3904 ne·

508 3927 628 3994 cessaria
642 3929 828 3993 ministrabat
842 3929 873 3992 in
889 3947 1036 4013 tempore.
1058 3928 1200 3994 Illustrati
1212 3928 1359 4014 siquidem
1370 3947 1458 3992 erant
1468 3929 1533 3992 luce

508 4017 638 4082 coelestis
652 4020 773 4100 gratiae3
787 4021 829 4082 ita
843 4036 999 4082 uteorum
1013 4021 1161 4084 adventus
1176 4019 1295 4083 cundiis
1309 4016 1382 4080 esset
1397 4035 1532 4100 accepta·

509 4107 588 4186 bilis,
608 4107 809 4189 &prasentia
829 4099 986 4172 sanitatem
1009 4110 1156 4191 praeberet
1175 4108 1311 4171 infirmis.
1335 4107 1533 4190 Reliquetunt

508 4199 611 4279 itaque
626 4220 681 4280 per
691 4199 820 4264 diversas
833 4198 1005 4282 provincias
1020 4198 1077 4261 suae
1088 4197 1252 4260 sandiitatis
1263 4196 1396 4280 vestigia,
1409 4197 1532 4259 cunsio-

510 4306 579 4347 tum
589 4283 641 4350 fibi
651 4287 841 4351 obviantium
849 4287 1020 4350 alleviando
1032 4286 1164 4350 dolores.
1176 4285 1322 4368 Cumque
1331 4285 1530 4367 persecutores
