3390 5720
532 535 581 637 96
837 551 1060 605 Aurouruus
1087 545 1262 602 unsrun

532 778 687 873 exspuere
697 809 706 868 3
717 771 739 845 sr
751 775 839 846 enim
853 773 1025 870 exspueris,
1039 765 1354 842 scandalizabuntur.
1370 767 1449 837 Sero
1463 789 1573 836 autem

532 884 707 982 purificant
732 885 763 954 se
789 884 822 951 in
848 882 991 975 aqua&
1019 877 1060 949 src
1084 875 1313 975 ingrediuntur
1330 876 1365 946 in
1390 875 1503 946 vicum
1520 897 1574 942 aut

532 993 710 1063 civitatem.

534 1279 584 1351 lX.
623 1284 716 1350 Locus
752 1281 880 1369 quinque
909 1303 1035 1370 panum,
1071 1277 1213 1368 hopn'smr'
1242 1277 1401 1357 dominici,
1430 1278 1569 1366 tronfirus

664 1386 885 1478 lsraelirorum,
912 1383 1058 1468 Hermon,
1082 1406 1134 1450 ros
1152 1383 1279 1450 medicis
1286 1383 1439 1474 serviens,

812 1497 820 1505 '
844 1491 896 1558 ubi
915 1489 1085 1581 baptizabor
1105 1491 1263 1556 lohannes.

580 1721 712 1793 Deinde
737 1723 887 1794 venimus
914 1722 947 1791 in
966 1723 1074 1806 locum,
1103 1716 1157 1790 ubi
1185 1721 1352 1790 Dominus
1380 1717 1423 1791 de
1447 1725 1575 1812 quinque

527 1833 661 1922 panibus
692 1824 882 1897 &duobus
914 1823 1054 1921 piscibus
1085 1828 1231 1921 quinque
1264 1827 1366 1899 millia
1399 1827 1575 1897 hominum

532 1935 671 2025 sonavit,
689 1937 832 2030 exceptis
853 1932 993 2029 parvulis
1010 1935 1045 2002 &
1062 1931 1261 2024 mulieribus,
1284 1936 1318 2004 in
1338 1935 1470 2006 extensa
1488 1959 1575 2004 cam·

532 2043 631 2137 pania
640 2039 782 2114 habente
792 2039 1241 2136 oliveta&palmera.Exinde
1250 2041 1574 2128 venimusinlocum,

530 2153 581 2219 uhi
599 2153 770 2244 baptizatus
787 2153 1003 2240 esl'Dominus.
1026 2151 1059 2218 ln
1077 2147 1149 2244 ipso
1164 2147 1241 2218 loco
1251 2151 1321 2239 filii
1339 2152 1435 2244 lsrael
1453 2159 1575 2246 transte-

530 2283 599 2326 rum
616 2261 785 2343 Iordanem,
800 2260 834 2326 &
851 2253 908 2324 filii
925 2255 1161 2351 prophetarum
1185 2255 1402 2352 perdiderunt
1423 2257 1575 2346 securim,

531 2365 566 2433 δε
583 2389 623 2434 ex
644 2365 715 2460 ipso
733 2364 812 2434 loco
832 2361 944 2433 Helias
962 2359 1118 2432 assumtus
1138 2365 1182 2434 ell
1205 2366 1239 2434 in
1260 2365 1377 2436 celum.
1401 2363 1515 2460 lbique
1532 2367 1575 2436 ell

532 2495 631 2542 mons
645 2475 779 2542 Hermon
797 2467 960 2558 modicus,
983 2469 1039 2562 qui
1056 2468 1175 2565 legitur
1199 2471 1232 2538 in
1251 2471 1385 2544 Psalmo
1406 2470 1460 2543 Ad
1474 2471 1574 2566 pedes

531 2579 654 2648 montis
671 2575 767 2673 ipsrus
781 2575 926 2648 ascendit
943 2573 1101 2647 defluvio
1116 2575 1218 2648 nubes
1236 2577 1318 2648 hora
1330 2580 1435 2674 prima
1447 2580 1573 2650 oriente

530 2685 609 2775 sole,
626 2687 661 2756 δε
679 2685 769 2756 venit
786 2682 1054 2774 Hierosolymam
1076 2683 1171 2779 super
1191 2680 1367 2774 basilicam,
1395 2711 1460 2780 que
1477 2686 1522 2757 esl
1539 2688 1593 2760 in.

530 2793 620 2883 Sion,
648 2793 797 2887 &super
824 2786 991 2860 bafilicam
1013 2787 1057 2859 ad
1084 2813 1339 2862 monumentum
1360 2793 1523 2862 Domini⁶
1538 2796 1574 2862 ἃ

529 2899 624 2995 super
653 2896 818 2970 bafilicam
844 2896 953 2967 r'anoe
971 2897 1073 2967 Marie
1090 2899 1125 2965 &
1143 2896 1253 2968 sansle
1269 2898 1403 2994 Sophie,
1422 2924 1488 2994 que
1512 2899 1572 2970 fuit

523 3008 728 3103 pretorium,
757 3002 811 3074 ubi
842 3001 970 3073 auditus
1000 3003 1044 3072 est
1069 3005 1244 3074 Dominus.
1275 3006 1378 3100 Super
1408 3004 1469 3076 lrec
1497 3005 1572 3078 loca

530 3111 698 3184 descendit
721 3137 774 3182 ros
796 3107 874 3180 srcut
896 3110 1016 3205 pluvia.
1035 3109 1211 3207 Colligunt
1228 3137 1305 3182 eum
1332 3109 1465 3202 medici,
1484 3116 1520 3183 δι
1537 3115 1570 3184 in

525 3221 599 3317 ipso
615 3241 766 3313 coquunt
784 3243 901 3287 omnes
917 3218 1146 3288 consessiones
1162 3244 1225 3314 pro
1243 3216 1476 3310 xenodochiis;
1492 3247 1571 3290 nam

529 3327 622 3398 multi
643 3326 820 3422 languores
838 3323 992 3395 sanantur
1013 3321 1069 3416 ibi,
1091 3323 1146 3396 ubi
1168 3324 1256 3397 cadit
1278 3326 1346 3422 ipse
1361 3352 1424 3414 ros,
1441 3325 1484 3397 de
1502 3351 1571 3422 quo

527 3432 695 3531 propheta
709 3428 819 3502 David
832 3431 937 3501 canit:
955 3435 1043 3500 Sicut
1059 3459 1111 3502 ros
1123 3436 1268 3520 Hermon,
1287 3439 1340 3525 qui
1358 3437 1513 3526 descendit
1537 3441 1569 3502 in

527 3568 656 3611 montem
671 3543 759 3609 Sion.
780 3540 814 3607 ln
832 3536 887 3608 illa
905 3561 996 3633 parte
1015 3536 1157 3609 lordanis
1175 3541 1314 3632 estsonr,
1329 3545 1381 3610 ubi
1394 3545 1570 3635 baptizabat

527 3651 685 3717 Iohannes.
720 3644 797 3716 Inde
826 3645 926 3741 usque
953 3643 995 3716 ad
1023 3643 1196 3718 Iordanem
1221 3646 1323 3717 millia
1340 3645 1417 3717 duo.
1448 3653 1481 3720 ln
1499 3649 1569 3744 ipsa

526 3753 611 3824 valle
633 3755 783 3825 inventus
810 3751 855 3823 est
877 3752 1002 3844 Helias,
1028 3752 1164 3847 quando
1191 3755 1220 3824 ei
1248 3779 1367 3826 corvus
1397 3753 1570 3826 deserebat

525 3887 647 3959 panem
676 3863 711 3930 δε
739 3885 862 3932 carnes.
897 3864 931 3930 ln
964 3860 1099 3931 circuitu
1132 3861 1223 3934 vullis
1257 3858 1350 3962 ipsius
1384 3859 1566 3932 multitudo

525 3967 732 4038 eremitarum
749 3967 803 4040 est.

560 4226 582 4262 a.
600 4209 704 4261 Tantum
718 4211 747 4260 G.
762 4209 834 4283 super
849 4207 915 4262 basil.
929 4209 963 4260 ad
973 4225 1041 4262 mon.
1055 4211 1090 4263 D.
