3296 5700
393 566 596 620 stannum
628 563 819 618 nonnum.
1060 559 1127 640 3¹3

96 785 259 862 tributum
282 811 339 858 aut
361 787 406 876 iij,
427 809 483 856 aut
503 787 537 876 ij,
564 809 620 857 aut
644 810 746 856 unum
764 785 863 882 exigit
879 807 1025 871 aureum,
1045 781 1133 854 vela

98 897 211 968 viliori
230 895 372 992 persona
394 894 447 981 xiij
473 891 633 964 denarios.
658 893 690 963 si
713 917 822 962 tamen
850 889 921 960 talis
945 889 988 961 est
1011 913 1046 958 ut
1063 913 1132 960 non

96 1001 200 1100 poffit
216 1002 277 1071 hos
300 999 458 1072 tredecim
476 998 627 1070 denarios
645 998 779 1089 solvere,
796 995 859 1070 stve
876 994 912 1067 stt
926 996 1047 1086 incola,
1070 992 1135 1066 sive

94 1109 232 1182 advena
247 1106 458 1197 Christianus,
471 1105 608 1176 mittitur
624 1106 658 1176 in
672 1130 846 1195 carcerem,
860 1102 969 1174 donec
979 1124 1036 1174 aut
1045 1118 1060 1147 ‘⁸
1071 1101 1135 1172 Dei

94 1219 225 1312 pietate
241 1241 301 1311 per
326 1212 481 1311 angelum
499 1213 591 1283 suum
607 1209 770 1304 liberatur,
796 1235 854 1283 aut
880 1209 923 1283 ab
946 1210 1014 1282 aliis
1038 1205 1135 1279 bonis

94 1322 292 1396 Christianis
308 1319 487 1394 redimitur.

149 1431 230 1501 Vlll.
245 1430 307 1500 His
319 1429 365 1499 ita
381 1429 412 1500 se
427 1424 632 1519 habentibus,
645 1425 821 1500 redivimus
831 1425 845 1472 ⁶
855 1427 1027 1497 retrorsum
1041 1451 1102 1523 per
1125 1441 1136 1470 ‘

96 1535 240 1609 fluvium
276 1540 361 1628 Gyen
369 1533 390 1584 -d
398 1531 499 1606 tribus
524 1532 649 1626 diebus,
674 1537 708 1604 ὅ(
737 1532 927 1606 devenimus
955 1531 999 1603 ad
1027 1533 1137 1604 civita·

98 1671 174 1716 tem
191 1660 202 1688 ²
217 1639 388 1712 sisinum]
409 1641 462 1710 De
479 1644 611 1710 Sirinurh
629 1641 785 1738 progressi
807 1641 915 1711 sumus
931 1637 974 1710 ad
991 1640 1138 1726 maella,
1152 1642 1258 1753 ffith·

101 1751 148 1822 de
166 1750 306 1824 Manlia
323 1747 600 1819 transfretavimus
618 1746 661 1818 ad
677 1755 887 1838 vomitans
903 1773 967 1844 que
982 1746 1080 1818 habet
1096 1744 1139 1819 ab
1153 1741 1264 1817 mmuh.

102 1856 289 1954 aquilonell
304 1880 404 1945 mare,
422 1880 461 1925 ex
475 1850 628 1926 omnibus
640 1879 750 1927 autem
767 1852 910 1952 partibus
922 1853 1045 1927 flumen
1058 1861 1140 1951 Ni·

99 1969 181 2056 lum,
208 1986 345 2058 excepta
360 1963 525 2058 paucitate
536 1985 628 2033 terre.
649 1961 725 2034 lnde
742 1963 965 2060 navigavimus
982 1961 1044 2034 ,dt
1064 1964 1140 2035 civi·

101 2093 210 2140 tatem
228 2071 356 2157 Tantis,
373 2065 388 2129 ἰ
402 2071 436 2138 in
454 2093 519 2164 qua
535 2070 608 2140 sunt
626 2069 797 2140 Christiani
813 2069 976 2140 multum*
990 2065 1141 2167 religiosi,
1155 2073 1233 2122 Tui·-

100 2178 210 2249 nimia
239 2175 457 2273 hospitalitate
495 2176 664 2250 ferventes.
690 2177 763 2247 Hec
794 2201 903 2248 autem
929 2177 1039 2250 civitas
1064 2175 1144 2247 nihil

101 2281 208 2356 habet
220 2309 314 2374 terte,
329 2306 468 2380 excepto
487 2281 543 2355 ubi
554 2285 627 2355 sunt
645 2279 785 2374 ecclesie,
802 2286 838 2355 ἃ
854 2281 899 2355 ibi
915 2285 1109 2356 monstratur
1134 2280 1144 2326 ¹

103 2417 248 2488 campus
264 2390 455 2482 Thaneos,''¹
471 2393 505 2462 in
524 2416 592 2487 quo
617 2393 724 2464 iacent
740 2393 837 2462 trium
861 2391 958 2462 instar
974 2418 1144 2464 murorum

107 2524 258 2596 corpora
275 2525 390 2570 eorum
408 2499 465 2594 qui
483 2501 687 2571 exterminati
707 2500 810 2570 ”sunt
828 2523 976 2595 tempore
995 2496 1095 2572 Moifi.

160 2606 212 2678 lx.
234 2607 287 2677 De
304 2606 399 2677 ‘sanis
411 2623 421 2651 ⁰
434 2608 582 2678 venimus
604 2605 647 2677 ad
674 2608 839 2678 civitatem
860 2611 1069 2696 Forentum?
1090 2605 1147 2679 ubi
1159 2620 1258 2667 mea·

106 2713 158 2784 est
174 2709 307 2784 ecclefia
326 2713 361 2782 in
380 2712 507 2784 honore
524 2711 644 2785 tbeate
660 2713 796 2806 'Matie,
823 2712 951 2785 inloto
970 2714 1014 2785 ad
1033 2740 1142 2811 quern,

107 2819 236 2918 angelo
261 2841 431 2912 monente,
457 2819 543 2916 fugit
564 2819 677 2916 loseph
703 2844 780 2891 cum
796 2846 898 2917 puero
916 2823 951 2891 &
968 2845 1080 2894 matre.
1112 2826 1147 2893 ln

107 2927 199 2998 hac¹
214 2928 347 2998 civitate
364 2926 408 2997 est
424 2925 601 2998 multitudo
620 2927 833 3017 camelorum,
862 2953 945 3024 quos
967 2927 1008 3000 ab
1032 2929 1147 3000 incolis

109 3034 258 3132 regionis
283 3033 365 3104 illius
391 3035 503 3130 precio
532 3034 645 3106 locant
661 3033 799 3127 advene,
825 3033 868 3106 ad
895 3033 1072 3108 deserenda
1092 3033 1148 3108 srbi

110 3165 218 3211 onera
240 3151 403 3236 ‘propter
432 3137 605 3232 desertum,
631 3140 724 3236 quod
751 3141 848 3213 habet
866 3143 926 3213 iter
953 3140 1081 3215 dierum
1105 3148 1148 3233 vj.

112 3245 224 3315 Huius
251 3244 365 3318 deserti
377 3247 527 3318 introitus
540 3274 560 3318 a
577 3246 724 3344 predisla
737 3249 866 3320 civitate
879 3248 1002 3344 incipit,
1020 3251 1054 3320 δι
1066 3246 1150 3321 bene

113 3351 280 3424 desertum
296 3352 423 3447 dicitur,
440 3356 599 3449 quoniam
616 3380 678 3427 nec
691 3353 836 3443 herbam,
850 3373 937 3428 “nec
953 3357 1086 3428 alicuius
1103 3355 1149 3426 se·

113 3460 214 3530 minis
231 3458 373 3532 frustum
399 3459 502 3550 affert,
530 3463 673 3560 exceptis
691 3460 859 3534 arboribus
876 3463 1071 3560 palmarum,
1098 3459 1152 3533 sed

152 3713 177 3747 a.
193 3695 220 3747 1.
233 3708 326 3749 autem.
349 3726 382 3738 -
397 3699 420 3750 b.
434 3699 461 3751 L.
474 3698 606 3752 redivivus.
669 3701 703 3754 al.
722 3701 836 3754 mittitur.
850 3731 882 3741 -
906 3720 939 3754 m.
955 3705 983 3755 V.
997 3703 1153 3755 Thammes.

116 3803 152 3814 ··-
177 3775 607 3848 c.hisita...petd.t'rrM.-
670 3781 1154 3846 -n.F.,L.,V.nati.-—0.L.Tan-

116 3855 143 3906 d.
154 3855 183 3906 L.
198 3855 285 3923 Gion3
300 3859 339 3911 M.
352 3859 439 3911 Geon.
448 3889 484 3898 —
493 3878 514 3912 e.
529 3859 607 3911 tribus
670 3861 716 3925 nis,
730 3862 758 3913 V.
769 3861 1029 3932 Thamnis.-p.soco'
1040 3862 1154 3914 deTanis

171 3933 240 3988 civit.
253 3938 278 3988 d.
291 3936 317 3990 t'n
330 3939 368 3991 Μ.
381 3969 417 3978 -
434 3938 451 3990 s.
467 3940 504 4004 L,
515 3941 543 3992 V.
553 3937 608 3992 Siti·
673 3941 998 3994 ...FarameamhabetM
1013 3942 1039 3993 in
1054 3943 1155 3994 civitate

117 4014 181 4066 nulh
191 4038 199 4080 ς
209 4015 246 4067 Μ.
259 4014 385 4070 sitimulh.
399 4047 435 4057 -
444 4035 470 4087 g.
478 4019 506 4070 F.
518 4019 610 4072 Amia-
673 4021 795 4073 ramam
807 4022 850 4073 ibi.
864 4051 896 4060 —
908 4039 932 4090 q.
948 4021 972 4074 in
985 4021 1080 4075 honore
1092 4024 1116 4074 d.
1130 4021 1156 4074 in

122 4107 235 4161 marcum
248 4096 285 4161 t,
299 4097 331 4148 V.
342 4096 474 4150 Amiaten.
485 4126 518 4138 -
531 4098 557 4151 h.
571 4100 610 4152 Μ.
674 4101 699 4152 F.
708 4129 741 4139 —
750 4117 770 4152 t.
786 4102 825 4165 V,
837 4103 875 4154 M.
890 4101 980 4154 sande.
994 4129 1030 4138 —
1041 4119 1060 4154 s.
1071 4102 1107 4166 t.,
1117 4103 1155 4154 M.

120 4174 273 4244 aquilonari.
290 4205 324 4216 -
337 4176 354 4229 i.
367 4194 436 4230 mare
449 4215 489 4230 ...
504 4177 537 4229 ad
549 4181 575 4230 d.
587 4179 613 4232 in
675 4178 724 4231 illa.
739 4209 771 4220 -
784 4192 803 4232 t.
822 4182 861 4245 L,
873 4181 900 4232 F.
915 4181 1017 4233 honera.
1037 4210 1070 4222 -
1092 4199 1116 4233 u.
1130 4182 1156 4232 1.

121 4255 161 4306 Μ.
175 4283 209 4294 -
222 4256 240 4322 j.
260 4257 288 4308 V.
300 4256 426 4310 Thamnis
438 4297 445 4325 ,
459 4257 610 4310 LTamnis.
676 4260 808 4314 habebam.

121 4363 156 4373 -
174 4335 200 4386 k.
214 4337 252 4388 M.
266 4349 309 4388 aut
333 4337 419 4390 etiem.
440 4367 472 4378 -
492 4337 509 4390 l.
518 4337 555 4404 fic
567 4340 614 4403 M,

926 4463 961 4514 40
