3390 5720
502 507 549 579 80
899 519 1134 574 Tituonosius

502 741 648 814 tribubus
678 740 896 841 quadraginta
926 745 1005 812 neto
1027 742 1173 812 civitates
1201 738 1245 813 ad
1272 737 1540 828 inhabitandum,

501 849 663 947 assignans
685 875 705 920 a
722 851 821 920 muris
840 850 1016 920 forinsecus
1038 873 1097 944 per
1115 848 1287 918 circuitum
1306 871 1426 918 terram
1448 846 1541 918 misle

502 955 654 1054 passuum
674 955 719 1028 ad
737 957 864 1053 pascua.
891 957 940 1027 Ex.
955 955 1003 1026 his
1021 979 1131 1026 autem
1149 953 1333 1026 civitatibus
1363 955 1418 1026 sex
1446 977 1542 1026 erant

360 1099 418 1132 out.
501 1065 630 1163 refugij,
648 1089 710 1135 tres
727 1066 807 1134 citra
824 1062 998 1134 Iordanem
1009 1065 1120 1133 &tres
1141 1061 1225 1132 ultra
1238 1059 1425 1154 Iordanem,
1439 1063 1542 1156 Dosor

501 1173 535 1243 in
553 1169 636 1244 tribu
652 1168 778 1262 Ruben,
796 1175 928 1266 Rumori
948 1173 982 1241 in
1007 1167 1093 1240 tribu
1121 1166 1211 1258 Gad,
1240 1171 1341 1240 Goion
1365 1170 1400 1239 in
1425 1169 1541 1258 Rasan,

356 1318 432 1350 eron.
502 1280 536 1350 in
560 1275 642 1350 tribu
669 1275 822 1349 Manasse.
858 1277 950 1350 Ultra
975 1275 1150 1348 Iordanem
1172 1275 1217 1346 est
1243 1278 1365 1347 Hebron
1392 1275 1428 1345 in
1454 1271 1541 1345 tribu

503 1383 591 1476 luda,
609 1386 720 1458 civitas
737 1382 996 1455 sacerdotalis&
1013 1384 1238 1482 fugitivorum.

550 1489 690 1562 Addidit
707 1516 842 1587 quoque
858 1491 1025 1562 Dominus
1042 1514 1123 1563 terre
1148 1488 1376 1580 promisionis,
1404 1488 1542 1562 dicens:

503 1599 624 1672 Omnis
637 1597 742 1688 locus,
762 1623 862 1694 quem
880 1598 1053 1672 calcaverit
1069 1624 1127 1695 pes
1149 1597 1207 1689 Ur,
1223 1597 1344 1669 vester⁶
1360 1596 1421 1667 erit
1441 1621 1463 1667 a
1483 1595 1543 1669 de·

503 1708 598 1796 serto,
616 1704 709 1802 quod
726 1706 821 1777 estin
839 1705 986 1799 meridie,
1005 1710 1040 1778 ὅ(
1063 1703 1200 1796 Libane,
1217 1704 1275 1800 qui
1298 1702 1343 1773 est
1363 1704 1399 1774 in
1415 1703 1543 1801 septen·

502 1811 806 1906 trione,&flumine
815 1839 941 1912 magno
951 1813 1119 1911 Euphrate,
1129 1812 1187 1908 qui
1196 1811 1282 1882 estin
1292 1811 1429 1903 oriente,
1440 1813 1543 1908 usque

503 1917 545 1990 ad
564 1946 653 1991 mare
671 1918 957 2012 Mediterraneum,
982 1916 1074 2015 quod
1092 1916 1299 2009 Tyrrhenum
1324 1916 1474 1988 dicimus.
1505 1922 1542 1988 sn

503 2026 569 2098 hoc
586 2025 699 2099 medio
716 2025 918 2119 babitabant,
936 2029 992 2123 qui
1009 2024 1051 2099 ab
1072 2025 1165 2098 lsrael
1186 2021 1306 2121 expulsi
1329 2022 1413 2116 sunt,
1439 2028 1542 2098 Cana·

503 2161 586 2223 neus,
613 2142 815 2226 detonseris,
844 2139 1019 2230 Phneseus,
1046 2136 1193 2228 Iebtiseiis,
1225 2135 1356 2220 Haueris,
1390 2135 1538 2205 Hetlteus.

504 2243 538 2311 sn
557 2241 823 2314 Deuteronomio
841 2240 971 2313 additur
989 2243 1169 2335 Gergeseus,
1197 2235 1253 2310 ubi
1270 2238 1304 2308 in
1329 2235 1543 2334 promiffione

504 2346 638 2420 Abrahe
654 2349 740 2420 fassa
757 2347 875 2420 deceni
893 2372 1008 2446 gentes
1026 2344 1166 2418 deiende
1179 2343 1342 2434 dicuntur,
1355 2346 1391 2415 ἃ
1404 2367 1486 2415 tunc
1497 2342 1544 2416 ibi

505 2479 615 2526 revera
635 2479 736 2528 erant.
763 2456 854 2527 Cum
868 2480 947 2528 vero
975 2453 1052 2526 illuc
1075 2476 1236 2526 venerunt
1263 2449 1319 2540 filij
1347 2449 1449 2540 lsrael,
1475 2449 1543 2518 iarn

505 2583 568 2632 tres
590 2586 682 2634 erant
700 2560 829 2654 delete,
846 2561 903 2653 filij
930 2561 1019 2632 enim
1046 2555 1148 2630 tothb
1164 2556 1354 2630 deleverunt
1378 2557 1544 2654 gigantes,

505 2666 562 2759 filij
579 2665 655 2738 Esau
681 2668 840 2760 Horreos,
862 2664 1087 2765 Cappadoces
1112 2663 1303 2740 deleverunt
1323 2687 1454 2761 partein
1476 2663 1545 2734 He-

507 2799 653 2846 veorum.

551 2880 699 2955 Decursis
712 2878 934 2955 mansionibus
951 2882 1141 2953 memoratis
1165 2878 1224 2952 sub
1249 2879 1350 2971 losue,
1377 2879 1472 2950 lsrael
1500 2874 1544 2948 ad

508 2988 683 3063 Iordanem
700 2990 858 3086 pervenit,
877 3014 1019 3085 arcaque
1034 2987 1128 3062 undis
1137 2985 1279 3060 immissa
1291 2988 1447 3060 steterunt
1459 3009 1545 3080 aque

504 3094 750 3188 descendentes,
767 3095 810 3168 ad
828 3097 924 3170 instar
941 3097 1065 3168 montis
1091 3095 1354 3186 intumescentes,
1379 3097 1414 3166 &
1439 3117 1542 3188 appa·

312 3239 345 3276 m
362 3243 397 3274 an.
503 3203 619 3276 rebant
650 3204 767 3300 procul
796 3204 896 3300 usque
930 3203 974 3276 ad
1002 3205 1126 3295 locum,
1160 3203 1217 3297 qui
1251 3201 1369 3273 dicitur
1397 3203 1544 3287 Sarrana,

504 3309 712 3383 inferioribus
742 3312 834 3406 aquis
863 3313 897 3384 in
932 3337 1024 3382 mare
1059 3309 1229 3380 Mortuum
1258 3303 1543 3380 descendentibus.

504 3416 695 3490 Sacerdotes
704 3443 783 3492 vero
797 3416 923 3491 stabant
935 3418 968 3488 in
983 3414 1096 3488 medio
1105 3414 1261 3506 fluminis,
1276 3413 1386 3486 donec
1401 3412 1545 3509 populus

505 3550 564 3621 per
580 3548 727 3598 arentem
745 3523 875 3598 alveum
893 3520 1061 3615 transisset,
1079 3522 1197 3595 exhinc
1209 3518 1391 3593 ascendens
1408 3518 1452 3590 ad
1467 3521 1545 3590 Gal-

505 3633 591 3726 galo,
609 3629 664 3702 ubi
683 3632 771 3703 losue
788 3633 887 3704 altare
905 3629 1083 3703 construxit
1099 3628 1142 3700 de
1161 3627 1341 3700 duodecim
1365 3623 1545 3724 lapidibus,

508 3764 591 3835 quos
608 3765 667 3836 per
682 3736 862 3810 duodecim
878 3736 977 3810 tribus
995 3738 1111 3810 tulerat
1130 3735 1172 3808 de
1190 3734 1355 3832 Iordane.)

541 3940 564 3974 a.
584 3922 656 3989 nv,
670 3923 750 3977 notter
764 3923 789 3976 t.
803 3952 835 3962 -
857 3924 881 3975 s.
901 3923 938 3988 n,
951 3895 1053 3976 enisu
1069 3924 1131 3975 nv.

965 4153 983 4194 dt
1063 4153 1081 4194 ὃ*

1009 4224 1028 4266 ‘s‘
