3396 5708
643 548 749 643 (417)
1147 563 1210 644 ¹37

189 781 355 865 suspicione
363 783 883 866 ducitur&prescrutanscontinuo,
891 780 1029 844 absconsa
1036 803 1214 866 quereppu-

188 872 263 935 lerat
283 873 399 936 invenit
419 873 449 937 ἃ
470 872 588 936 sumens
611 870 695 933 cursu
712 869 893 953 rapidissimo
909 869 1025 933 sanetos
1039 869 1213 955 insequitur.

189 963 240 1026 Set
253 984 324 1025 cum
339 963 400 1024 iam
413 962 454 1046 bij
469 961 595 1024 flumine
618 959 795 1022 transmeato
810 959 1003 1039 haberentur,
1019 961 1156 1042 pervenit
1177 963 1214 1024 ad

189 1049 301 1116 litus&
314 1053 487 1116 exclamans
502 1052 594 1114 dixit:
617 1075 633 1108 e
649 1049 739 1131 Rogo
755 1048 829 1133 quid
844 1049 917 1109 milri
933 1050 993 1111 boc
1003 1069 1066 1112 non
1084 1047 1216 1113 necessa-

191 1167 204 1198 <
221 1142 300 1203 rium
313 1143 345 1204 in
360 1141 430 1205 loco
445 1141 560 1203 deserto
581 1137 782 1221 relinquistis?
804 1136 902 1224 Quod
918 1133 939 1198 st
953 1138 1065 1200 habere
1080 1139 1216 1219 voluero,

192 1255 204 1287 ι
223 1229 376 1293 latronum
395 1228 532 1313 pericula
545 1227 691 1291 sustinebo
710 1251 733 1287 a.
756 1223 798 1288 Et
812 1225 977 1289 beatissima
990 1226 1027 1289 ad
1043 1249 1129 1289 eum:
1155 1230 1215 1291 «Si

192 1345 204 1374 ‹
224 1318 333 1401 placet,
346 1319 416 1380 iube
428 1319 497 1381 dare
509 1317 707 1400 pauperibus;
719 1335 821 1376 meum
837 1314 920 1376 enim
935 1331 1042 1377 votum
1059 1315 1216 1380 Dominus

191 1432 204 1464 e
223 1407 349 1490 implere
364 1408 503 1492 dignatus
522 1404 564 1467 est
582 1429 605 1465 a.
624 1403 665 1466 Et
679 1403 730 1467 ille
744 1403 835 1465 dixit:
860 1424 872 1459 c
890 1401 931 1466 Et
945 1425 1007 1486 quo
1023 1404 1084 1484 ibp,
1101 1405 1149 1467 vel
1165 1407 1216 1468 ubi

192 1497 375 1580 «requiram
397 1514 553 1577 pauperes,
573 1513 740 1577 numquam
758 1492 906 1556 adeserto
918 1495 1080 1557 recedens?
1102 1494 1144 1557 set
1164 1493 1217 1577 ipsi

192 1609 205 1640 ι
224 1583 319 1667 magis
340 1582 532 1665 recipientes,
546 1579 611 1644 aliis
634 1580 704 1643 dare
724 1583 891 1665 dignamini
914 1608 938 1644 ›.
954 1582 1006 1645 Set
1021 1603 1115 1664 quum
1131 1581 1217 1645 nullo

192 1671 282 1754 pastu
297 1691 354 1734 nec
369 1670 571 1752 ista'recipere
586 1668 677 1731 semel
691 1671 760 1732 data
776 1668 924 1750 voluisset,
938 1693 995 1734 nec
1011 1670 1062 1733 ille
1076 1668 1219 1753 potuisset

190 1759 305 1821 flumen
320 1757 450 1836 transire,
466 1759 637 1839 pecuniam,
651 1779 743 1840 quam
754 1759 786 1820 in
798 1778 888 1821 manu
904 1760 1035 1837 tenebat,
1050 1759 1219 1841 proiedtam

192 1847 222 1910 in
242 1847 393 1930 profundo
416 1844 551 1908 fluminis
572 1845 678 1907 mersit.
698 1844 905 1909 Plurimorum
928 1862 1030 1908 autem
1049 1848 1218 1910 monacho-

191 1957 260 1998 rum
275 1934 472 2016 &virginum
487 1934 624 2016 accipere
633 1932 804 1996 nolentium
816 1934 894 1996 hanc
906 1934 1059 1997 occultam
1074 1933 1220 1999 offerebat
1287 1986 1291 1998 .

191 2024 389 2087 oblationem.
416 2020 524 2084 Tanto
549 2022 632 2084 enim
657 2018 803 2084 desiderio
828 2023 1072 2086 accendebantur
1097 2025 1161 2109 (ſse)
1186 2041 1221 2087 ut

192 2132 299 2175 omnes
320 2131 398 2194 quos
419 2110 534 2172 viderat
553 2131 591 2171 ex
614 2109 679 2172 eius
701 2111 777 2173 datis
792 2112 973 2192 acciperent.
994 2110 1115 2174 Sciebat
1138 2113 1220 2174 enim

192 2220 230 2261 ex
244 2200 305 2261 hoc
318 2220 413 2282 opere
427 2219 489 2260 non
506 2217 632 2280 parvum
646 2196 766 2259 lucrum
781 2198 881 2260 anime
895 2197 944 2260 sue
961 2198 1104 2260 futurum.

234 2313 247 2346 e
269 2288 504 2351 Circumeuntes
523 2305 595 2368 ergo
616 2285 753 2369 Egyptam
767 2287 894 2348 veniunt
907 2285 1110 2350 rslexandriam
1125 2288 1155 2351 dt
1170 2287 1219 2350 ilic

194 2371 347 2438 visitantes
373 2373 486 2437 multos
506 2372 689 2452 sannorum,
709 2375 739 2436 in
761 2375 871 2459 quibus
889 2391 976 2438 erant
989 2374 1048 2436 viri
1068 2375 1220 2439 mirabiles

192 2459 491 2526 Tabenensrotarum
515 2461 726 2525 arcimandrite
741 2461 770 2524 δι
786 2462 857 2524 Deo
876 2462 959 2545 digni
974 2461 1130 2543 presbiteri
1147 2464 1221 2527 Vic-

194 2569 242 2615 tor
253 2552 282 2614 &
295 2550 421 2634 Eugites
433 2549 557 2614 &Elias
569 2550 734 2634 &quidam
748 2551 865 2614 sanctus
881 2549 1034 2633 presbiter,
1044 2553 1080 2614 ab
1092 2552 1222 2616 Alexan-

8 2653 89 2714 2505,
104 2655 150 2700 cot.
168 2667 176 2700 ι
193 2642 271 2718 dria,
286 2639 442 2703 festinabat
460 2640 542 2702 enim
558 2640 615 2701 hec
626 2661 643 2700 a
654 2635 776 2721 singulis
790 2638 959 2702 sanctorum
971 2638 1117 2704 fruslibus
1129 2642 1221 2705 bene-

194 2729 339 2791 difflonis
357 2727 408 2790 fibi
428 2747 622 2810 congregare,
642 2727 853 2810 ingrediuntur
871 2729 962 2790 etiarn
984 2726 1014 2789 &
1035 2728 1065 2789 in
1089 2728 1222 2792 Nitrim

194 2818 231 2880 ad
253 2837 289 2880 ea
309 2816 377 2879 loca
395 2838 455 2899 que
477 2815 669 2899 appellantur
683 2815 820 2894 Cellaria,
838 2815 867 2877 ἃ
887 2813 1014 2878 mirifice
1033 2816 1165 2900 suscepta
1181 2819 1224 2881 est

193 2904 335 2969 asanslis
355 2906 491 2988 patribus
514 2906 566 2988 qui
582 2905 696 2966 ibidem
715 2919 809 2981 etant,
826 2902 898 2985 quia
918 2901 1033 2965 vililem
1056 2904 1120 2988 (stc)
1142 2909 1172 2969 in
1187 2929 1224 2970 ea

195 2994 400 3075 providebant
419 2993 544 3072 sensum,
558 2992 588 3055 δι
602 2989 709 3055 mansit
728 3009 800 3074 aput
815 3013 868 3054 eos
888 2990 995 3053 diebus
1009 2991 1180 3075 aliquantis,
1193 2996 1223 3059 &

194 3082 371 3164 congregati
397 3078 484 3144 simul
504 3079 596 3142 saneti
621 3095 719 3162 patres
741 3078 1013 3162 benedicentesque
1037 3101 1105 3142 earn
1125 3082 1223 3145 dedu-

194 3186 305 3230 xerunt
335 3188 407 3231 cum
430 3189 504 3252 pace
525 3167 609 3229 velut
631 3167 838 3229 sanetiffimam
862 3168 892 3231 dt
915 3168 1070 3250 propriam
1096 3185 1223 3232 matrem

194 3256 288 3319 suam.

242 3372 255 3405 ι
267 3345 594 3409 Revertunturiterum
603 3343 919 3494 Iberogodmammulto
926 3346 1029 3409 labore
1037 3346 1225 3430 vent[0r]um

196 3433 462 3516 intemperantiam
479 3431 661 3496 sustinentes.
706 3434 855 3498 tveniens
875 3434 989 3497 invenit
1008 3434 1140 3496 santtam
1160 3456 1225 3497 ma-

195 3539 276 3586 trem
292 3522 374 3585 suam
390 3521 489 3584 secisse
503 3521 532 3582 ei
547 3521 688 3583 cellulam
708 3522 738 3583 in
752 3522 854 3585 Monte
869 3521 970 3585 saneto
986 3520 1104 3602 oliveti,
1118 3525 1226 3586 intrin-

196 3609 281 3674 secus
303 3607 508 3671 construdlam
529 3606 655 3687 saxibus,
672 3605 747 3671 sicut
760 3609 823 3691 ipsa
836 3611 962 3692 petierat
973 3625 1007 3672 ut
1016 3609 1110 3689 fieret,
1125 3611 1156 3672 in
1166 3629 1227 3693 qua

196 3689 295 3782 pollet
309 3718 382 3759 cum
397 3693 515 3761 silentio
526 3696 672 3759 habitare.

239 3812 253 3845 e
278 3784 361 3868 Ergo
377 3784 443 3867 post
457 3783 588 3848 sanstam
607 3783 812 3868 Epiphaniam
828 3784 990 3849 ascendens
1004 3785 1227 3868 ingrediebatur

197 3875 228 3937 in
244 3871 389 3936 cellulam
403 3872 433 3935 &
447 3873 546 3934 clausa
563 3871 654 3957 usque
665 3873 701 3934 ad
714 3874 796 3935 diem
807 3873 917 3936 Pasche
927 3873 959 3935 in
968 3872 1070 3936 cilicio
1082 3873 1111 3935 δι
1124 3875 1227 3936 cinere

198 3963 228 4026 δι
243 3961 360 4045 ingenti
376 3961 553 4024 abstinentia
564 3961 876 4042 perdurabathabens
891 3960 992 4024 secum
1006 3983 1098 4024 unam
1109 3977 1227 4024 tantum

198 4049 335 4134 puellam
351 4065 477 4132 propter
496 4047 685 4131 obsequium,
699 4046 820 4112 sabbato
836 4049 1036 4113 &dominico
1056 4050 1104 4112 die
1123 4051 1227 4112 cibum

199 4137 364 4216 summens,
377 4140 533 4200 neminem
543 4137 660 4215 videns,
675 4138 828 4199 neminem
843 4135 1003 4219 suscipiens
1016 4136 1069 4199 nisi
1085 4137 1226 4221 tantu[m]

201 4225 336 4288 sannam
351 4243 480 4288 matrem
495 4225 576 4288 suam
592 4224 621 4287 ἃ
637 4225 760 4288 fratrem
775 4225 870 4304 suum,
893 4225 923 4288 δι
938 4227 984 4288 his
999 4225 1089 4288 certis
1103 4247 1228 4309 quoque

202 4314 321 4380 diebus.
335 4311 412 4377 Erat
426 4331 528 4377 autem
540 4313 663 4396 quando
675 4313 838 4396 &neptam
850 4313 931 4376 suam
943 4312 1067 4377 Paulam
1077 4314 1228 4396 virginem

343 4412 365 4466 P
1090 4415 1118 4466 rt
