3390 5720
457 541 661 597 urrunnu
678 540 844 596 snncrn.
1119 541 1162 614 71

132 786 286 857 quatuor.
301 765 353 835 De
366 763 510 860 Raphia“
526 762 681 859 usquead
696 765 881 849 Remissioris,
896 757 951 831 ubi
967 759 1168 831 Holosetnet
1196 773 1306 824 Bethulia.

131 870 260 941 occisus
277 871 322 941 est
338 897 357 941 a
376 869 491 960 iudith,
509 871 611 942 millia
627 868 814 941 duodecim.

179 976 299 1049 XXlV.
326 979 378 1048 De
397 977 598 1049 Hierusalem
617 979 716 1073 usque
735 982 899 1070 Krmutira,
927 973 982 1045 ubi
999 974 1168 1069 requiescit
1196 996 1318 1046 samacha.

131 1084 275 1176 Samuel,
295 1084 396 1155 miliia
410 1086 564 1181 quinque.
591 1085 643 1156 De
656 1083 860 1156 Hierusalem
874 1083 974 1178 usque
994 1087 1044 1150 uit·
1057 1086 1166 1176 sancia
1196 1097 1241 1143 uss
1259 1097 1361 1175 tunam

133 1195 258 1264 moia
282 1194 431 1287 salutavit
461 1194 674 1288 Elisaberham,
695 1213 834 1262 matrem
859 1188 989 1260 domini
1016 1187 1166 1259 Iohannis
1197 1160 1361 1210 mmmmm

133 1299 286 1394 Baptiste‚
302 1300 375 1370 sunt
387 1299 487 1369 millia
502 1299 656 1394 quinque.
670 1301 701 1370 Α
714 1297 883 1370 Ierusalem
895 1297 930 1367 in
948 1301 1025 1366 ueri
1038 1293 1166 1386 Semes‚⁶
1196 1331 1253 1380 seu
1270 1332 1356 1380 sm,

134 1402 188 1475 ubi
202 1405 266 1475 fuit
288 1430 363 1476 arca
389 1407 581 1496 testamenti,
606 1404 707 1476 millia
733 1430 864 1477 novem.
891 1405 943 1474 De
960 1402 1040 1474 Beth
1056 1405 1166 1474 Semes

134 1512 407 1607 usqueEmmrum‚
423 1539 486 1608 que
498 1516 777 1607 nuanicopolis
788 1509 915 1602 dicitur,
929 1511 1029 1581 millia
1043 1536 1166 1584 novem
1188 1551 1294 1598 Emmaus
1305 1551 1320 1598 s,
1332 1552 1375 1600 ni-

134 1616 349 1705 (alerusalem
357 1618 401 1691 ad
410 1619 581 1692 Emmaum
590 1621 644 1692 lxv
654 1618 795 1718 stadia)‚‘
805 1618 860 1691 ubi
869 1616 1166 1714 sandiusCleophas
1236 1615 1329 1677 ‘⁰⁹⁰¹⁵··

134 1729 297 1824 cognovit
314 1729 501 1799 Dominum
516 1731 551 1798 in
564 1728 723 1800 fradiione
736 1729 839 1823 panis,
858 1724 913 1798 ubi
926 1729 961 1796 dc
975 1727 1167 1816 martyrium

134 1834 274 1928 pettulit.
299 1836 350 1905 De
363 1834 498 1907 limmao
514 1836 660 1931 usquein
675 1837 850 1932 Diospoiim
863 1833 964 1904 millia
976 1830 1166 1926 duodecim,
1195 1853 1313 1918 utosporn.

135 1937 189 2010 ubi
205 1940 335 2012 sancius
356 1944 522 2040 Georgius
541 1939 763 2036 martyrizatus
777 1942 830 2012 esl.
855 1938 900 2012 lbi
912 1942 948 2011 ἃ
966 1964 1085 2037 corpus
1098 1942 1166 2012 eius

137 2048 179 2117 est
195 2048 232 2117 ἃ
249 2049 354 2120 multa
373 2047 532 2122 mirabilia
556 2050 648 2122 fiunt.

183 2155 290 2227 XXV.
319 2158 371 2228 De
389 2157 563 2254 Diospolid
587 2159 686 2254 usque
712 2164 823 2255 ioppen
853 2155 953 2228 millia
976 2154 1166 2244 duodecim,
1195 2174 1274 2237 ioppe.

137 2259 189 2332 ubi
207 2263 336 2335 sandius
352 2265 458 2336 Petrus
474 2265 670 2337 resuscitavit
686 2261 862 2335 Tabitham
879 2267 914 2334 dt
930 2287 1020 2334 cetus
1037 2263 1167 2333 iamavit

137 2373 258 2442 lonam.
285 2374 317 2440 Α
337 2375 438 2468 loppe
455 2373 555 2468 usque
568 2376 727 2469 Cesareom
744 2374 895 2464 Palestine
911 2371 1012 2442 millia
1024 2372 1165 2468 triginta.
1194 2403 1294 2451 εφη,
1305 2406 1353 2452 1³21.

137 2474 181 2547 lbi
197 2475 381 2574 baptizatus
399 2479 444 2550 est
461 2479 635 2551 Cornelius
653 2480 800 2550 centurio
823 2505 843 2548 a
858 2475 956 2550 beato
974 2478 1066 2548 Petro
1083 2501 1165 2572 apo·

136 2583 227 2676 stolm
246 2588 282 2655 ὃ(
301 2583 427 2657 ibidem
444 2590 633 2681 martyrium
649 2587 793 2684 suscepit.

181 2691 278 2762 XXV
279 2697 299 2763 l.
314 2693 494 2766 ACesarea
503 2694 653 2765 Palestine
662 2694 763 2790 usque
775 2695 807 2762 in
820 2696 1066 2787 Dioresaream,‘
1079 2691 1166 2764 unde
1194 2721 1341 2770 promtam.

139 2796 196 2868 sitit
210 2798 327 2870 Simon
345 2825 472 2898 magus,
498 2801 597 2872 millia
621 2797 785 2898 triginta!
805 2803 837 2870 Α
854 2801 1049 2872 Diocesarea
1066 2800 1165 2895 usque

137 2903 274 2976 incana
294 2909 418 2978 Galiiee
434 2907 535 2978 millia
558 2908 712 3003 quinque.
738 2908 983 2978 ADiocesarea
1007 2906 1107 3001 usque
1130 2909 1163 2979 in
1193 2941 1255 2988 cm
1267 2941 1320 2988 021,

135 3015 307 3106 &mareri
319 3013 423 3085 millia
436 3015 591 3110 quinque.
606 3017 637 3084 Α
650 3013 812 3085 Nazareth
826 3014 926 3110 usque
935 3017 969 3086 in
981 3017 1164 3106 itabyrionss
1192 3047 1311 3094 umen,

136 3115 188 3188 ubi
213 3119 380 3190 Dominus
406 3120 480 3216 post
508 3121 775 3192 resurrectionem
808 3119 968 3219 discipulis
1002 3120 1163 3216 apparuit,
1193 3110 1277 3158 TW·

137 3223 233 3296 millia
249 3227 384 3322 septem.

173 3331 301 3404 XXVll.
320 3336 352 3403 Α
365 3335 533 3407 letusalem
546 3335 646 3432 usque
659 3338 692 3407 in
707 3340 904 3431 Bethsaidam
919 3337 1067 3408 milliaria
1078 3335 1164 3407 duo·
1193 3360 1279 3409 senet

137 3435 250 3511 decim.
266 3440 375 3511 [nhoc
386 3441 484 3514 iacob
496 3440 747 3516 viditinsomno
757 3443 893 3540 angelos
903 3445 1042 3514 Domini
1054 3444 1163 3516 ascen·

138 3541 246 3617 dentes
263 3549 297 3618 δι
312 3545 546 3620 descendentes
563 3548 606 3620 de
620 3550 702 3621 celo.
722 3549 828 3648 (Qia
842 3547 895 3622 etsi
907 3554 942 3623 in
954 3551 1038 3622 Luza
1051 3548 1164 3623 dicunt

137 3649 267 3743 noum,
293 3652 437 3751 ideoque
460 3659 569 3727 fictici
593 3655 681 3728 dieta
702 3658 773 3754 est.)
798 3657 952 3729 ABethel
971 3657 1014 3734 ad
1032 3663 1162 3748 sicum,
1193 3681 1292 3730 stenem.

138 3758 224 3852 quod
236 3786 327 3832 nunc
342 3763 499 3860 Neapolis
518 3761 646 3854 dieitur,
665 3764 767 3835 inillia
783 3763 1036 3864 duodetriginta.
1063 3763 1107 3837 lbi
1120 3765 1164 3836 est

132 3891 247 3959 mitur,
260 3891 361 3964 quem
371 3867 541 3943 fabricavit
555 3871 675 3941 sacrifi
693 3867 738 3941 lbi
757 3871 830 3942 sunt
842 3869 913 3944 ossa
925 3873 1026 3944 sandli
1039 3871 1162 3968 loseph.
1177 3901 1260 3949 rursu·
1271 3903 1348 3950 neos.

177 4209 199 4245 a.
230 4196 273 4262 P.‚
297 4196 362 4249 Lov.
389 4198 423 4250 ab
444 4197 553 4250 Ambia
582 4227 615 4238 -
679 4197 780 4251 lateam.
803 4226 835 4236 -
857 4197 874 4250 s.
900 4199 938 4266 L,
963 4202 1027 4254 Lov.
1046 4215 1109 4253 xxv.
1130 4226 1162 4238 -

138 4271 161 4321 b.
176 4272 235 4328 ΜΗ.
248 4275 337 4342 Sidon,
348 4277 450 4330 Sidona.
463 4305 496 4317 -
509 4295 531 4330 c.
546 4281 574 4331 L.
583 4307 615 4318 -
678 4296 704 4346 g.
719 4282 745 4332 P.
761 4279 901 4348 Scytrburi,
917 4281 945 4331 V.
958 4278 983 4332 in
997 4279 1097 4332 civitate
1107 4280 1164 4332 Gu-

137 4350 160 4400 d.
174 4354 201 4404 L.
217 4354 384 4426 Indianopoli,
398 4359 463 4410 Lov.
476 4352 616 4412 Androne·
678 4358 723 4424 ria,
737 4357 843 4411 Liudei
854 4356 1163 4429 Dropiorrrm,Lov.1udei

139 4429 191 4498 poli
211 4461 244 4473 -
263 4453 284 4488 e.
303 4436 367 4489 Lov.
382 4437 415 4488 ad
436 4436 541 4491 alteram
566 4440 616 4492 Ce-
677 4437 824 4508 Dropiruru.
839 4467 872 4478 -
896 4439 920 4491 h.
936 4438 1163 4508 i.,Lov.10seph.
