3354 5706
511 533 575 622 178
926 548 1120 601 Ancurrus

503 777 639 851 fundata
653 779 743 869 loco,
756 775 811 849 ubi
823 779 1000 848 Dominica
1014 777 1203 850 vestimenta
1215 777 1295 848 hora
1308 777 1362 848 illa
1379 777 1538 848 custodita

424 903 429 914 '
504 889 587 979 sunt,
606 912 670 982 qua
687 885 869 984 baptizatus
887 885 930 956 est
947 888 1119 957 Dominus.
1137 886 1222 977 Hec‚
1240 911 1384 981 quatuor
1400 885 1537 982 lapideis

504 991 630 1064 suffulta
648 995 794 1084 cameris,
818 995 877 1064 stat
906 994 999 1088 super
1017 1018 1117 1088 aquas
1138 989 1367 1082 inhabitabilis,
1385 993 1462 1087 quia
1480 991 1539 1062 sub

504 1099 609 1195 ipsam
628 1101 703 1171 hinc
721 1104 755 1172 ἃ
774 1099 851 1172 inde
869 1098 1050 1172 subintrant
1066 1126 1160 1195 aque.
1180 1103 1254 1172 Hec
1277 1100 1414 1196 desuper
1430 1098 1539 1168 coetili

507 1209 689 1304 protegitur
707 1233 806 1300 creta,
823 1206 954 1278 inferius
971 1233 1060 1298 vero,
1079 1233 1114 1277 ut
1131 1205 1255 1278 dilium
1272 1208 1327 1295 est,
1350 1208 1488 1276 cameris
1505 1207 1538 1274 ἃ

507 1310 644 1384 arcubus
661 1313 840 1384 sustentata.
862 1315 934 1384 Hec
953 1313 1023 1383 talis
1037 1311 1168 1386 ecclefia
1185 1315 1218 1384 in
1231 1314 1311 1384 locis
1328 1310 1538 1382 inferioribus

505 1418 586 1489 illius
609 1420 699 1492 vallis
717 1422 826 1512 exstat,
844 1445 902 1517 per
924 1445 1024 1516 quam
1046 1417 1151 1491 influit
1175 1419 1318 1491 iordanis
1343 1417 1476 1510 fluvius;
1504 1421 1538 1487 in

504 1525 720 1622 superioribus
737 1553 815 1600 vero
832 1528 913 1598 locis
932 1524 1103 1622 quoddam
1120 1527 1200 1597 inest
1216 1526 1342 1624 grande
1355 1527 1540 1596 monacho-

503 1659 576 1704 rum
609 1640 829 1727 monasterium,
866 1632 958 1729 quod
996 1633 1089 1729 supra
1130 1632 1289 1728 descripte
1322 1633 1541 1728 supereminet

505 1737 635 1811 ecclefie
655 1741 689 1810 in
712 1740 881 1836 supercilio
905 1739 1077 1810 monticuli
1099 1765 1118 1809 e
1148 1741 1283 1836 regione
1305 1739 1539 1827 construdlum,

504 1844 692 1942 ibidemque
709 1842 851 1936 ecclesa,
871 1847 904 1916 in
922 1846 1050 1914 honore
1068 1843 1167 1915 sandli
1189 1843 1400 1941 baptizatoris
1421 1844 1540 1914 lohan-

505 1954 553 2022 nis
572 1952 719 2044 sirndata,
742 1950 861 2023 eodem
886 1952 1069 2041 monasterii
1088 1949 1308 2022 circumdatur
1329 1977 1438 2042 mum,
1456 1976 1536 2046 qua·

505 2060 604 2130 dratis
622 2060 806 2130 construdlo
824 2057 994 2155 lapidibus.

622 2307 692 2379 XV.
720 2314 771 2378 De
787 2310 887 2380 colore
904 2312 1045 2378 lordonis
1064 2307 1095 2378 st
1111 2311 1149 2378 de
1168 2313 1247 2378 muri
1264 2309 1413 2378 Mortuo.

554 2472 697 2544 Iordanis
715 2474 807 2545 color
824 2473 976 2564 fluminis,
994 2471 1074 2544 srcut
1090 2472 1185 2545 nobis
1198 2472 1349 2543 Arculfus
1362 2471 1541 2560 intimavit,

503 2579 631 2652 albidus
651 2584 683 2650 in
700 2579 876 2679 superficie,
895 2579 981 2676 quast
997 2580 1059 2671 lac,
1082 2580 1220 2670 videtur,
1242 2581 1332 2649 cuius
1357 2579 1426 2649 talis
1445 2577 1544 2649 color

504 2715 593 2760 mare
610 2689 789 2760 Salinarum
807 2689 963 2778 intrantis,
989 2687 1095 2785 longo
1109 2687 1205 2757 matis
1222 2686 1360 2776 tramite,
1391 2711 1409 2755 a
1423 2685 1543 2756 colore

504 2795 600 2865 matis
617 2795 737 2866 Mortui
755 2821 812 2892 per
831 2795 960 2867 alveum
978 2795 1044 2864 eius
1063 2793 1157 2864 facile
1175 2791 1312 2864 discerni
1329 2791 1443 2888 potest.

553 2900 658 2997 Qod
683 2901 833 2972 videlicet
860 2903 1027 2971 mortuum
1051 2928 1132 2969 more
1157 2900 1191 2968 in
1215 2898 1343 2996 magnis
1365 2897 1544 2994 tempesia-

505 3005 610 3078 tibus⁰
627 3005 793 3078 collisione
817 3005 974 3078 slusiuum
1000 3005 1042 3076 ad
1062 3031 1159 3076 terras
1178 3005 1221 3076 sal
1237 3003 1357 3094 eiicit‚⁶
1372 3030 1430 3100 per
1455 3003 1544 3074 illius

505 3115 601 3184 maris
610 3115 781 3185 circuitum
792 3111 995 3184 abundanter
1007 3110 1117 3183 habeti
1130 3111 1233 3201 solet,‘
1247 3109 1340 3206 quod
1352 3136 1421 3181 non
1431 3110 1545 3181 solum

505 3220 650 3315 undique
667 3221 790 3311 vicinis,
808 3219 862 3290 sed
882 3220 980 3289 etiam
999 3219 1100 3316 longe
1113 3216 1222 3314 positis
1237 3214 1424 3288 nationibus
1439 3215 1545 3290 valde

506 3353 666 3423 magnum
679 3327 865 3424 prosedlum
884 3323 1008 3421 prebet,
1026 3325 1100 3395 solis
1120 3325 1229 3395 calore
1246 3325 1318 3394 satis
1340 3321 1544 3394 sufficienter

505 3429 667 3503 secatum.
683 3432 784 3503 Aliter
800 3457 879 3504 vero
895 3431 988 3502 salin
1007 3430 1154 3525 quodam
1171 3430 1280 3502 Siculo
1292 3454 1407 3500 monte
1423 3427 1546 3501 haberi

505 3538 606 3630 solet;
624 3565 702 3609 nam
719 3539 800 3609 illius
818 3537 939 3609 montis
955 3533 1091 3633 lapides,
1117 3533 1158 3606 de
1181 3560 1264 3606 terra
1287 3534 1395 3625 evuli,
1421 3561 1546 3606 verum

507 3645 693 3716 naturaliter
709 3644 904 3716 salfissrmum
925 3644 969 3714 sal
986 3640 1050 3713 esse
1070 3643 1163 3742 gustu
1182 3639 1426 3738 comprobatur,
1446 3641 1548 3740 quod

492 3753 639 3848 'proprie
658 3751 845 3823 nominatur
863 3751 907 3821 sal
923 3777 1012 3822 terre.
1040 3749 1141 3820 Aliter
1157 3774 1237 3820 vero
1253 3749 1299 3820 sal
1325 3751 1421 3819 maris
1439 3773 1548 3844 arque

507 3857 599 3929 aliter
623 3857 668 3929 sal
685 3881 766 3929 terre
794 3859 906 3930 vocari
923 3857 1012 3928 solet.
1031 3854 1128 3928 Unde
1149 3855 1362 3927 &Dominus
1384 3856 1419 3926 in
1435 3855 1547 3928 Evan-

508 3963 596 4062 gelio
623 3990 681 4061 per
704 3961 945 4036 fimilitudinem
973 3961 1016 4034 ad
1043 3962 1209 4057 apostolos
1241 3959 1352 4032 dixisse
1381 3960 1546 4035 creditur:

515 4076 574 4144 Vos
590 4077 659 4164 estis
668 4073 723 4166 sal
741 4098 828 4158 terre,
848 4074 882 4141 ὅ(
900 4095 1014 4140 cetera.
1034 4070 1085 4139 De
1104 4069 1169 4138 hoc
1191 4069 1301 4163 itaque
1321 4068 1383 4138 sale
1401 4093 1485 4138 terre
1505 4069 1545 4139 in

541 4263 563 4296 a.
581 4247 685 4298 ‘rantum
700 4247 728 4298 L.
746 4245 988 4315 tempestaeionibut.
1051 4261 1074 4297 c.
1087 4247 1158 4297 Addo
1172 4243 1239 4296 solet.

507 4353 540 4366 -
560 4326 583 4380 b.
604 4324 642 4378 Sic
664 4323 772 4396 corrigo,¹
795 4324 830 4376 al.
851 4323 933 4378 efficit.
956 4351 988 4363 -
