3296 5700
310 505 597 560 HODOEPORICON
622 509 647 560 S.
675 507 919 560 WILLIBALDI.
1051 511 1120 584 277

50 723 217 794 mittete
239 749 294 794 me
310 721 398 814 libet,
418 749 503 796 certe
519 723 745 798 contradicere
762 725 842 796 mihi
863 727 1029 798 licentiam
1049 751 1119 800 non

53 827 181 901 babet
204 854 267 901 nec
283 831 486 926 potestatem.
500 863 519 894 u
541 831 792 928 Confestimque
815 855 894 906 tunc
910 831 1119 906 Wiiiibaldus

55 937 176 1008 sacris
200 936 390 1007 sermonum
403 937 679 1010 exhortationibus
697 939 891 1010 consensum
908 964 1008 1036 atque
1025 939 1120 1012 effec-

58 1069 147 1114 tum
168 1043 211 1114 se
227 1044 406 1140 spontanee
418 1069 604 1142 perpetrare
617 1045 793 1142 respondit.
810 1045 846 1116 Et
859 1071 969 1118 tamen
986 1071 1055 1118 non
1068 1048 1120 1118 so-

57 1151 144 1221 lum
165 1147 231 1239 ibi,
259 1149 313 1220 sed
333 1147 453 1246 ubique
469 1151 502 1220 in
521 1152 614 1221 omni
631 1177 788 1224 tetrarum
807 1153 897 1242 loco,
920 1178 1120 1249 quocunque

59 1257 174 1328 issum
203 1257 417 1328 transmittere
438 1256 635 1355 dignaretur,
666 1257 786 1331 devote
809 1256 875 1330 stne
895 1257 1003 1331 defide
1027 1255 1120 1332 diffe-

62 1365 202 1454 rentia,
233 1362 411 1434 secundum
436 1363 490 1434 sue
516 1364 692 1436 voluntatis
720 1362 900 1458 arbitrium,
929 1365 960 1438 se
982 1391 1120 1464 pergere

63 1467 288 1566 spondebat.
361 1497 363 1501 ·

95 1706 251 1781 XXXV.
267 1711 426 1800 Prosediio
439 1713 556 1794 sucum,
570 1711 717 1798 Ticinum,
732 1712 885 1799 brixium,
901 1711 1036 1796 Cortum,
1055 1711 1098 1780 ad

72 1817 266 1902 Odt'lonem,
280 1816 321 1884 ud
332 1816 476 1909 suidger,
491 1819 532 1884 ud
538 1819 694 1903 sinthord,
709 1818 893 1910 adscribunt
907 1820 1118 1910 bonifacium,

299 1927 423 2014 Eistflar,
441 1925 492 1991 ubi
508 1923 626 2018 eccsefia
644 1925 752 1992 Sandie
768 1926 898 1994 Μανία.
911 1939 926 1966 ⁶

124 2105 207 2176 Post
215 2105 279 2177 hec
290 2129 378 2197 tunc,
394 2104 492 2176 finitis
506 2106 715 2177 oraculorum
728 2104 855 2196 fabulis,
871 2103 1029 2204 pergebat
1042 2103 1120 2178 inde

71 2209 295 2284 willibaldus
312 2213 345 2282 in
360 2212 489 2307 pascha,
507 2215 564 2308 qui
576 2212 653 2284 illuc
669 2209 820 2285 veniebat
837 2213 871 2282 in
892 2213 999 2283 natale
1017 2212 1118 2283 saneti

76 2319 231 2406 Andree,
250 2322 285 2389 ὅ(
297 2317 512 2390 Trdbetchtus
524 2319 537 2364 ὖ
549 2317 704 2391 manebat
719 2317 765 2390 ibi
783 2318 825 2390 ad
842 2321 998 2390 Sancium
1014 2320 1117 2390 bene·

77 2425 224 2496 dissum.
246 2425 282 2495 Et
297 2424 448 2497 veniebat
464 2424 509 2498 ad
527 2431 644 2515 mam,
664 2425 720 2496 ubi
736 2450 829 2522 pater
854 2427 921 2496 eius
938 2422 1123 2522 requiesce·¹

77 2531 147 2604 bat.
172 2533 212 2602 Et
227 2530 307 2603 inde
322 2535 412 2604 venit
432 2531 476 2604 ad
493 2535 634 2604 ‘licinia‘
654 2531 769 2604 urbem
789 2531 921 2604 &inde
940 2530 982 2602 ad
1006 2529 1121 2603 urbem

81 2643 240 2710 Brixiam.
268 2639 302 2709 sit
317 2635 396 2710 inde
417 2642 507 2710 venit
529 2639 712 2730 adiutum,
740 2642 797 2736 qui
823 2639 940 2712 dicitur
957 2643 1063 2710 Carra.
1087 2637 1122 2708 Et

82 2772 163 2817 tunc
178 2749 272 2818 venit
294 2744 338 2816 ad
359 2744 478 2816 ducem
492 2745 689 2835 odilonem,
707 2750 742 2818 bt
764 2744 809 2818 ibi
827 2745 915 2818 firitd
924 2772 1025 2817 unam
1042 2742 1121 2816 heb

81 2851 280 2924 domadam.
300 2852 334 2921 Et
355 2850 433 2923 inde
450 2855 541 2924 venit
561 2852 605 2924 ad
624 2855 833 2951 Suitgarium,
850 2851 947 2925 &ibi
965 2853 1024 2924 firit
1044 2877 1122 2922 curn

86 2960 143 3030 illo
157 2985 263 3031 unam
276 2957 532 3030 hebdomadam.
548 2959 583 3031 Et
595 2957 673 3030 inde
694 2984 901 3056 perrexerunt
913 2959 957 3031 ad
970 2956 1120 3030 [indrard

87 3067 285 3163 Suitgarius‘
302 3068 337 3136 bt
348 3064 558 3140 willibaldus
573 3065 616 3138 ad
631 3067 779 3138 sancium
790 3067 1004 3138 bonifacium.
1014 3065 1050 3136 bt
1062 3065 1122 3135 mi-

86 3171 121 3243 stt
132 3174 210 3244 illos
223 3173 349 3244 sancius
359 3173 541 3243 bonifacius
553 3171 596 3244 ad
609 3179 734 3266 Eilrflaa
749 3197 784 3244 ut
799 3173 923 3245 videret
944 3171 1121 3268 quomodo

88 3278 143 3350 fibi
161 3281 316 3376 placeret.
345 3279 434 3350 sliam
456 3283 627 3378 regionem
645 3279 759 3350 Eibstat
775 3281 950 3379 Suitgarius
967 3277 1121 3350 tradidit!

88 3386 199 3458 sancio
217 3386 399 3470 bonifacio,
416 3387 449 3456 in
471 3383 714 3457 redemtionem
731 3389 841 3458 anime
857 3387 925 3475 sue,
943 3389 978 3456 &
995 3387 1122 3456 sancius

89 3493 274 3564 bonifacius
291 3489 438 3562 tradebat
450 3493 562 3564 nostro
579 3494 739 3590 episcopo
753 3491 950 3564 Wilsibaldo
967 3493 1056 3563 ibam
1073 3519 1121 3564 re·

90 3601 238 3695 gionem,
255 3624 321 3694 que
336 3597 445 3670 adbuc
459 3624 528 3670 erat
553 3623 624 3670 tota
637 3600 771 3690 vastata,
787 3601 833 3670 ita
851 3624 886 3669 ut
901 3599 989 3670 nulia
1001 3597 1121 3670 domus

90 3703 133 3774 ibi
152 3705 264 3798 essent
282 3703 338 3776 nist
359 3705 414 3776 illa
432 3703 565 3777 ecclesia
582 3708 700 3778 Sansie
717 3708 829 3796 Mane,
852 3732 917 3802 que
933 3704 1041 3776 adbuc
1062 3707 1121 3777 siat

91 3808 145 3902 ibi,
166 3813 277 3883 minor
292 3837 395 3910 quam
411 3813 475 3884 alia
497 3811 640 3902 ecclesia,
666 3838 767 3908 quam
783 3813 897 3910 postea
911 3811 1122 3884 willibaldus

93 3913 136 3987 ibi
150 3919 380 3992 comburent.

125 4185 569 4249 ermanno-nm.
668 4184 1121 4255 amm-emacem.

96 4259 522 4318 rum-cummim
633 4265 1120 4337 arom-gnum
