3296 5700
90 2132 126 2189 τ’
182 2184 301 2220 ,

87 2206 105 2256 ¹.
169 2186 241 2333 Μ
299 2270 307 2303 ’Δ

94 2336 138 2415 if
186 2304 273 2423 iffi
315 2354 321 2383 r

178 2490 182 2497 ι

87 2506 168 2582 ,ἴξι-
196 2508 304 2585 ,sn-e,
338 2533 510 2610 parentum
519 2507 1018 2605 speiamtrienniumciauderet,
1027 2537 1114 2584 rnor-

79 2616 205 2690 borum
219 2615 445 2690 incommodis
461 2612 568 2686 subito
585 2611 743 2706 intabuit3
753 2617 924 2710 speciabiie
940 2625 1006 2689 oris
1023 2623 1113 2694 decus

72 2729 154 2820 feda
182 2752 331 2798 tenuatum
353 2729 448 2798 macie
472 2724 622 2815 defloruit.
645 2719 788 2793 Ulcerati
811 2718 928 2794 dolore
951 2749 1114 2824 patentes,

78 2829 178 2929 quod
195 2829 327 2904 unicum
346 2855 426 2904 tunc
442 2827 590 2920 restabat,
610 2854 688 2901 eum
702 2833 753 2898 vix
764 2830 874 2924 patulo
891 2857 943 2901 ore
963 2843 1033 2904 aero
1049 2861 1114 2908 rru-

78 2946 196 3013 nenrem
213 2937 343 3011 ecdefie
356 2937 542 3027 inferentes,
559 2959 636 3008 ante
658 2932 866 3007 adorandam
879 2937 1025 3011 sandiam
1043 2965 1114 3016 cru·

78 3071 153 3120 cem
167 3047 357 3145 posuerunt,
374 3039 503 3115 &fiad
526 3043 662 3114 salutem
679 3065 884 3130 recrearetur,
911 3071 988 3118 eum
1005 3046 1115 3124 divine

80 3149 340 3252 mancipandum
349 3151 491 3226 servituti
503 3147 715 3224 devoverunt.
730 3150 788 3220 Piis
803 3149 909 3223 statim
919 3154 1004 3225 votis
1018 3153 1114 3227 effec-

80 3283 151 3332 tum
164 3257 374 3351 merentibus,
387 3283 491 3356 puero
503 3285 569 3328 cum
574 3259 680 3356 salure
685 3264 777 3354 prior
789 3265 855 3329 oris
863 3263 1000 3332 decentia
1008 3265 1113 3356 rediit,

81 3365 275 3441 &absolute
282 3364 463 3441 valetudini
472 3365 699 3440 reconciliatus
705 3375 894 3460 premereris
899 3370 1021 3466 pollere
1033 3376 1114 3466 cepit

81 3471 253 3548 virtutibus.

127 3587 161 3655 il.
180 3583 261 3655 Hoc
282 3580 381 3680 igitur·
406 3579 519 3651 omine
538 3605 681 3676 parentes
697 3583 797 3650 Deum
824 3581 943 3674 aliquid
958 3587 1062 3677 magni
1079 3589 1112 3656 iu

80 3715 159 3760 toute
178 3691 292 3760 indolis
304 3716 398 3783 puero
412 3713 601 3783 operaturum
610 3691 824 3782 percipientes,
843 3683 900 3757 fibi
913 3711 983 3758 non
997 3686 1110 3761 defue-

82 3819 166 3887 runt,
190 3792 246 3867 sed
260 3793 366 3866 filium
383 3795 475 3866 suum
491 3796 546 3866 vix
564 3795 813 3890 quinquennem
830 3795 1027 3868 monachice
1049 3794 1111 3870 dis·

83 3902 226 3992 tridtioni
243 3899 334 3999 apud
350 3901 583 3973 monasterium
601 3905 649 3966 W
646 3901 771 3971 altheim
788 3897 925 3994 dietum,
942 3900 1000 3978 sub
1013 3929 1111 3978 vene·
1125 3919 1259 3968 Wdthein.

84 3998 188 4082 tando
206 4007 323 4082 abbate
340 4006 532 4107 Egilwardo‚
554 4004 796 4082 dedicaverunt.
813 4009 937 4082 [itteris
955 4035 1036 4112 ergo
1054 4037 1111 4110 ap·

85 4113 211 4210 plicitus
227 4141 289 4190 nec
300 4143 510 4190 momentum
528 4118 685 4214 temporis
702 4119 773 4189 otio
791 4113 931 4206 indulsit,
950 4116 1005 4189 sed
1022 4115 1112 4193 brevi

105 4311 191 4374 ιοιη
203 4309 296 4368 luicis
307 4307 423 4388 impreffa
436 4310 492 4364 smt
500 4309 567 4390 typis
575 4310 601 4368 iu
611 4311 661 4368 soit
670 4309 791 4389 mooymi
798 4309 919 4368 relatione
929 4310 1109 4388 repperiuntur.
