3354 5706
423 535 474 587 un
499 538 603 590 uoces
629 539 795 594 snncnrs.
1096 548 1158 628 143

150 747 267 813 XVII.
292 752 341 816 De
351 751 492 840 spelunca
504 757 534 818 in
548 773 618 843 rupe
636 759 731 822 mentis
746 761 857 824 Oliveti
869 762 968 825 habita
981 779 1078 828 contra
1092 767 1160 829 val·

341 845 394 908 lem
407 845 552 933 Iosophat,
562 851 591 911 in
603 874 660 934 qua
671 865 793 934 quotuor
803 849 895 939 meuse
904 855 938 917 &
942 854 1020 938 putei
1019 851 1160 940 suntduo.

133 925 266 993 XVIII.
291 934 341 996 De
350 950 436 1020 porta
450 937 561 1002 David
570 943 604 1004 &³
618 942 651 1003 de
663 941 712 1004 illo
725 942 790 1022 loco,
807 943 837 1005 in
852 968 903 1028 quo
918 943 1006 1008 ludas
1023 944 1161 1032 iscarioth

341 1023 479 1113 laqueose
486 1024 646 1114 suspendit.

167 1106 267 1173 XlX.
291 1112 341 1176 De
350 1115 456 1196 forma
467 1119 590 1200 grandis
611 1119 722 1206 baſsliee
734 1122 764 1183 in
778 1137 864 1186 monte
879 1123 940 1186 Sion
946 1125 1105 1208 fabricate,
1125 1125 1159 1186 ἐς

338 1204 372 1265 de
384 1203 470 1288 ipstus
483 1208 578 1270 montis
585 1207 655 1292 fitu.

177 1285 259 1350 XX.
286 1291 335 1354 De
348 1292 396 1354 illo
411 1295 509 1376 agello,
524 1295 572 1379 qui
583 1297 712 1360 hebraice
725 1300 895 1363 Akeldemac
910 1315 1038 1364 vocatur.

164 1373 262 1440 XXI.
288 1379 338 1442 De
357 1379 466 1468 asperis
482 1387 516 1448 bl
527 1385 643 1472 petreſse
662 1387 725 1450 loeis
744 1390 780 1450 ab
801 1387 991 1477 Hierusalem
1012 1387 1099 1478 usque
1121 1391 1163 1454 ad

289 1515 292 1520 -
337 1471 477 1534 civitatem
489 1473 623 1537 Samuelis
636 1476 693 1538 late
703 1477 861 1561 pitentibus
873 1481 907 1543 &
919 1478 1006 1566 usque
1020 1481 1062 1542 ad
1069 1477 1159 1567 Cesa-

338 1585 418 1624 ream
434 1561 585 1646 Palestine,
600 1589 661 1628 occa
678 1590 725 1628 um
740 1565 852 1654 versus,
860 1565 1078 1655 succedentibus.

146 1641 260 1707 XXII.
286 1647 336 1711 De
348 1665 436 1712 monte
451 1650 570 1732 Oliveti,
583 1654 616 1714 de
631 1563 775 1717 admdine
788 1659 822 1720 id
835 1657 970 1738 qualitate
984 1672 1059 1721 terre
1071 1658 1156 1722 illius.

129 1728 258 1796 XXIII.
285 1735 334 1798 De
353 1738 408 1800 loco
423 1739 568 1803 Dominice
589 1739 754 1829 ascenſsonis
769 1747 803 1808 Εἰ
822 1747 856 1808 de
876 1745 988 1832 eeclesto
1006 1746 1034 1808 in
1054 1771 1082 1810 eo
1099 1747 1157 1811 edi-

327 1826 429 1910 ficata.

131 1910 259 1976 XXIV.
282 1915 331 1977 De
345 1913 481 2002 sepulcro
500 1919 621 1984 Lazari
639 1925 673 1986 bl
694 1925 726 1985 de
750 1923 862 2010 eceleſsa
878 1922 971 2011 super
993 1925 1069 1990 illud
1089 1951 1152 1991 cou-

329 2007 443 2090 struae
456 2011 490 2072 ὅ
504 2011 536 2072 de
549 2013 713 2092 monasterio
727 2013 811 2076 eidem
825 2013 981 2078 adherente.

146 2091 258 2156 XXV.
285 2094 559 2268 Destfflaudefia
583 2103 624 2162 ael
645 2102 774 2165 dextram
797 2102 933 2166 Bethania
955 2119 1068 2189 partem
1091 2131 1154 2170 con·

165 2490 186 2556 1.
237 2494 272 2558 Ἰ)
280 2496 342 2586 fita
358 2489 551 2582 Hierusalem
563 2521 574 2557 .·
585 2514 676 2583 porte
692 2493 840 2576 civitatis,
859 2491 1095 2582 anniuersarium

261 2621 420 2688 mercatus,
438 2597 522 2665 loeus
539 2597 656 2690 templi,
677 2601 842 2666 oratorium
859 2599 1004 2667 Sarrace-

441 2729 556 2790 norum,
575 2705 681 2773 domur
697 2730 817 2798 magne.

161 2870 213 2942 De
247 2868 306 2942 situ
336 2871 539 2943 Hierusalem
571 2899 659 2945 nunc
693 2871 838 2968 quedam
870 2867 1041 2942 scribenda
1076 2872 1149 2944 sunt

114 3003 216 3074 pauca
233 3006 275 3052 ex
287 2977 346 3071 his,
359 3005 424 3076 que
438 2978 529 3071 mihi,
542 2977 577 3050 id
589 2980 634 3052 est
645 2978 858 3068 Adamana,
875 2978 1002 3050 sandius
1014 2975 1149 3052 dietavit

115 3087 282 3181 Arculfus3
313 3114 351 3159 ea
375 3111 471 3180 veru,
503 3088 623 3183 quein
649 3086 789 3158 aliorum
816 3083 902 3157 libris
931 3082 973 3155 de
1002 3082 1147 3155 eiusdem

116 3193 250 3264 civitatis
280 3191 442 3290 positione
467 3192 681 3290 reperiuntur,
712 3189 853 3264 anobis
877 3189 1147 3289 pretermittenda

113 3297 190 3370 sunu
220 3305 256 3371 ln
285 3301 374 3371 cuius
395 3325 521 3398 magno
547 3324 716 3370 murorum
741 3295 866 3370 ambitu
888 3296 977 3369 idem
994 3297 1146 3368 Arculfus

113 3407 283 3503 odioginta
306 3429 447 3503 quatuor
463 3407 648 3478 numeravit
665 3431 765 3476 turres
781 3409 817 3476 &
832 3429 944 3502 portas
960 3400 1009 3475 bis
1027 3427 1144 3496 ternas,

114 3535 248 3605 quarum
272 3539 330 3610 per
353 3515 524 3584 circuitum
544 3513 682 3586 civitatis
704 3511 789 3584 ordo
810 3509 853 3582 fic
874 3513 1024 3609 ponitur:
1051 3512 1144 3584 Porta

113 3618 235 3713 David,
269 3618 312 3693 ad
346 3619 585 3692 occidentalem
615 3621 737 3692 montis
762 3621 841 3693 Sion
868 3644 1008 3718 partem,
1038 3621 1144 3716 prima

114 3751 313 3820 numeratur,
342 3725 495 3819 secunda,
518 3750 615 3824 porta
645 3727 721 3800 ville
733 3727 884 3819 fullonis,
914 3728 1017 3819 tertia,
1046 3749 1143 3822 porta

115 3832 218 3906 Sanffl
232 3834 401 3932 Stephani,
414 3857 540 3931 quarta,
557 3858 655 3931 porta
668 3835 848 3926 Beniamin,
863 3836 987 3929 quinta,
999 3831 1142 3929 portula,

58 3981 62 3990 ·
111 3935 172 4009 hoc
193 3941 249 4030 est,
276 3941 411 4038 parvula
433 3965 542 4038 porta,
571 3961 698 4036 aqua⁰
724 3967 783 4038 per
812 3939 931 4040 gradus
957 3937 1000 4012 ad
1020 3938 1141 4012 vallem

113 4045 256 4144 iosaphat
272 4046 486 4140 descenditur,
503 4047 601 4138 sexta,
619 4071 715 4143 porta
729 4047 904 4120 Thecuitis.

143 4265 165 4300 a.
184 4250 220 4302 Sir
237 4268 293 4320 ego;
312 4253 338 4304 C.
351 4249 439 4320 quinta
452 4263 526 4322 porta
541 4269 591 4320 que
654 4261 722 4304 ratur
746 4251 823 4320 usque
844 4251 876 4304 nd
899 4249 955 4303 vall.
979 4251 1001 4303 1.
1026 4251 1054 4303 lu
1080 4249 1139 4303 aliis

113 4325 142 4378 est
159 4346 242 4402 parva,
261 4331 304 4384 ubi
327 4349 371 4402 per
389 4331 481 4400 gradus
500 4347 591 4400 prope·
653 4332 721 4385 codd.
738 4331 803 4384 &in
814 4333 853 4384 ed.
866 4331 900 4384 ab
912 4331 968 4383 hac.
