3354 5706
435 544 486 596 ue
510 541 614 595 Loc1s
639 541 804 596 sauctus.
929 577 933 590 .
1067 529 1135 624 189

99 763 245 859 regioni,
273 789 336 859 que
363 762 480 860 procul
504 759 605 834 dubio
624 760 808 857 pluviarum
831 759 944 859 indiga
967 762 1021 852 est,
1039 767 1135 858 Qut·

97 873 225 962 irrigua
244 871 441 967 spontaneos
459 865 577 939 imbres
591 867 780 960 ministrant,
799 866 854 939 ubi
868 891 1041 964 utrumque
1058 895 1135 942 arva

97 999 276 1073 temperat,
293 975 359 1048 hoc
376 977 430 1066 est,
448 976 508 1046 celi
526 973 653 1046 ubertas
674 975 709 1044 &
733 1001 811 1045 terre
821 979 1012 1068 fecunditas,
1031 974 1138 1048 &ubi

99 1083 253 1177 optime⁶
270 1084 418 1154 nautis&
430 1080 581 1180 agricolis
591 1079 695 1152 solum
710 1080 796 1152 usuil
813 1078 1138 1153 commodumhabe·

100 1187 1139 1286 tur.Hinavigant,illiserunt‚isticircumvehunntrnavigiis,illi

101 1294 263 1366 excolunt
289 1319 408 1366 terram
433 1292 498 1365 fine
525 1317 631 1364 aratro
659 1295 812 1387 serentes,
833 1297 957 1367 viantes
981 1292 1045 1366 stne
1072 1321 1139 1369 car·

100 1402 221 1498 pentis.
253 1401 446 1472 Dillindlam
473 1397 600 1470 fluentis
622 1425 734 1472 cernas
764 1403 949 1500 regionem,
973 1403 1008 1472 &
1033 1399 1140 1498 quasr‘

101 1505 305 1602 quibusdam
329 1507 453 1579 excelsa
473 1505 622 1578 menibus
645 1509 852 1607 navigiorum
878 1509 953 1579 totis
972 1507 1141 1582 domicilia

101 1614 204 1705 terris,
224 1639 289 1710 que
309 1613 374 1684 Nili
391 1610 533 1684 fluminis
555 1615 699 1709 riparum
723 1613 924 1712 marginibus
945 1641 985 1686 ex
1005 1639 1140 1711 utraque

101 1719 264 1791 adherent
287 1742 390 1815 parte.
416 1714 617 1814 Navigabilis
642 1721 731 1790 enim
757 1721 802 1791 est
827 1722 926 1817 usque
952 1721 995 1793 ad
1014 1720 1140 1811 urbem,

104 1850 138 1896 ut
163 1825 351 1923 appellant,
374 1823 640 1921 Elephantorum:
664 1826 794 1898 ulterius
815 1854 933 1900 navem
960 1827 1140 1923 procedere

104 1937 268 2022 contrade,
287 1930 352 2002 hoc
364 1931 409 2002 est
423 1929 604 2002 fluminales
619 1958 779 2028 aquatum
797 1933 929 2026 colles,d
943 1960 1012 2007 non
1024 1933 1141 2028 sinunt,

104 2065 172 2110 non
191 2037 325 2110 defectu
346 2040 494 2135 gurgitis,
517 2036 572 2108 sed
594 2041 693 2111 totius
715 2037 855 2112 fluminis
876 2043 1141 2138 precipitatione‘

104 2149 137 2215 δι
154 2143 304 2240 quadam
320 2146 412 2216 ruina
429 2145 627 2215 currentium
643 2172 811 2242 aquatum.

151 2253 264 2324 saneti
284 2253 382 2349 igitur
398 2249 518 2322 Arculfi
535 2251 648 2322 relatio
671 2251 712 2323 de
731 2253 924 2324 Alexandrie
942 2251 998 2326 fitu
1022 2257 1140 2328 &Nili

105 2385 172 2432 non
193 2359 376 2454 discrepare
393 2356 629 2456 comprobatur
642 2358 683 2430 ab
697 2359 755 2451 his,
774 2362 885 2454 quein
899 2361 1039 2432 aliorum
1052 2361 1139 2435 libris

106 2466 223 2563 scripta
238 2491 278 2536 ex
291 2465 432 2536 lectione
447 2467 676 2563 cognovimus.
697 2469 749 2538 De
764 2465 878 2561 quibus
893 2466 1037 2562 quedam
1051 2466 1142 2543 brevi

108 2597 192 2646 textu
218 2599 372 2672 excerpta
395 2575 428 2644 in
457 2573 519 2644 hac
544 2575 684 2671 presenti
709 2573 926 2670 descriptione
950 2575 1137 2672 interposita

107 2681 310 2773 inseruimus,
327 2682 392 2754 hoc
403 2683 459 2771 est,
479 2681 520 2754 de
531 2682 614 2752 illius
627 2679 886 2778 importuofitate
901 2679 986 2753 urbis
1000 2683 1052 2755 vel
1064 2711 1141 2780 por-

107 2788 205 2861 tuenli
225 2788 429 2880 difficultate,
449 2788 490 2860 de
508 2789 610 2860 insula
626 2790 661 2859 ἂ
679 2813 764 2859 turre
782 2790 816 2858 in
834 2814 872 2859 ea
889 2789 1082 2880 construsta,
1099 2792 1141 2865 de

108 2896 306 2969 Alexandria
333 2898 416 2968 inter
441 2923 531 2968 mare
554 2900 590 2967 &
614 2897 692 2967 ostia
714 2893 855 2965 fluminis
878 2895 943 2966 Nili
970 2899 1142 2970 terminata

110 3000 281 3098 positione,
303 3005 338 3073 ἃ
362 3001 403 3073 de
425 3003 547 3074 ceteris.
574 3002 651 3098 Que
673 3001 790 3098 procul
810 2998 913 3072 dubio
936 3004 1031 3074 causa
1053 3003 1140 3094 facit,

110 3133 144 3179 ut
163 3109 309 3180 eiusdem
331 3110 468 3181 civitatis
490 3108 594 3200 locus,
617 3110 672 3203 qui
694 3109 738 3178 ita
759 3132 798 3178 ex
815 3104 941 3178 duabus
959 3113 1141 3182 coardatus

110 3216 253 3314 partibus
281 3215 502 3316 strangulatur,
524 3217 630 3314 longo
658 3213 810 3288 valde&
839 3217 977 3316 angusto
1008 3217 1142 3288 tramitis

110 3323 210 3420 spatio
242 3320 285 3394 ab
313 3323 431 3394 occasu
459 3324 493 3392 in
526 3345 636 3392 ortum
670 3321 886 3418 protenditur,
917 3323 1009 3420 quod
1042 3327 1141 3395 etiam

112 3427 230 3498 Arculfi
251 3430 392 3500 narratio
407 3427 625 3499 demonstrat:
643 3430 709 3524 qui,
728 3454 764 3500 ut
777 3429 844 3526 ipse
858 3427 965 3522 refert,
983 3430 1064 3501 hora
1078 3428 1143 3500 diei

111 3536 199 3606 tertia
220 3536 309 3633 cepit
321 3538 439 3607 intrate
457 3537 622 3608 civitatem
635 3537 670 3606 in
684 3537 794 3608 mense
808 3534 946 3629 odobri,
963 3563 1022 3634 per
1034 3537 1141 3635 longi·

114 3639 259 3714 tudinem
277 3641 491 3714 deambulans
509 3641 605 3732 urbis,
623 3644 658 3713 &
670 3645 724 3715 vix
740 3667 816 3714 ante
828 3644 1046 3739 vespertinum
1060 3669 1142 3716 tem·

116 3771 171 3842 pus
190 3747 233 3820 ad
255 3752 493 3822 extremitatem
515 3747 731 3849 longitudinis
753 3752 820 3821 eius
838 3752 1006 3847 pervenite
1023 3752 1139 3848 potuit.

114 3853 181 3926 l·lec
211 3855 318 3956 longo
349 3882 518 3928 mutorum
547 3854 670 3928 ambitu
697 3856 815 3928 crebris
844 3857 972 3953 insuper
1002 3854 1139 3928 turribus

114 3965 403 4055 communitorum,
422 3990 482 4061 per
502 3965 685 4062 marginem
706 3961 902 4035 fluminis&
922 3990 1015 4036 oram
1033 3962 1143 4038 curvis

114 4070 205 4140 maris
222 4067 364 4142 ambitur
379 4069 648 4168 compositorum.

147 4229 168 4262 a.
194 4214 284 4278 ΒΜ,
308 4212 342 4264 al.
369 4213 533 4282 opimentum.
561 4243 593 4253 -
657 4231 678 4265 e.
693 4215 730 4278 L,
743 4213 777 4266 al.
793 4212 1046 4284 precipuis-ER,
1059 4216 1141 4281 Berua,

117 4290 141 4341 b.
157 4291 239 4356 Rern,
260 4293 290 4343 G.
312 4321 344 4330 -
364 4307 386 4343 c.
400 4292 486 4359 Berm,
502 4295 532 4344 G.
549 4309 593 4344 om.
661 4293 696 4358 V,
709 4296 737 4346 R.
750 4293 824 4365 culpi.

45 4379 51 4386 '
117 4370 187 4440 qual.
201 4401 233 4412 -·
246 4373 272 4426 d.
286 4373 369 4438 Bern,
386 4372 422 4438 V,
437 4372 462 4423 B.
476 4371 536 4426 tolli.
560 4401 593 4412 -
