3296 5700
528 552 597 624 290
927 545 1143 598 anonvmus

348 765 366 810 Ρ
368 781 441 812 ²²²²²²
526 767 680 859 Philippi,
698 794 715 834 a
736 771 918 836 Plenicibus
932 793 1028 836 autem
1043 768 1187 835 Ponenda
1199 767 1247 836 vel
1264 768 1422 835 Pitoniada
1432 767 1563 842 dicinn,

523 867 659 942 fluentes
686 897 755 941 non
774 871 878 967 longe
905 869 1033 968 abipsa
1055 870 1146 962 urbe,
1167 871 1295 970 fatigati
1309 872 1401 967 lapsu
1429 869 1562 942 fluentis

523 980 557 1046 &
572 981 707 1049 nomine
721 980 833 1068 iuncli,
852 980 976 1050 faciunt
993 978 1165 1050 Iordanem
1179 977 1349 1049 dominico
1363 977 1562 1074 baptisante

524 1082 693 1182 insignem.
713 1083 794 1156 Visis
816 1112 896 1183 ergo
913 1086 946 1154 in
964 1085 1084 1157 eodem
1101 1086 1178 1156 loco
1193 1083 1389 1180 quibusdam
1406 1088 1565 1156 armentis

524 1189 622 1261 dorso
640 1192 758 1289 longo,
785 1191 929 1264 cruribus
953 1191 1113 1282 brevibus,
1134 1194 1278 1289 proceris
1299 1190 1469 1282 cornibus,
1487 1216 1562 1287 que,

523 1286 597 1367 solt?
608 1295 696 1368 diem
714 1298 920 1388 incendente,
951 1301 981 1370 se
998 1326 1105 1396 preter
1130 1299 1235 1370 l'olum
1256 1325 1356 1396 caput
1379 1301 1493 1372 vicina
1505 1325 1563 1396 pa-

522 1403 598 1475 lude
622 1405 727 1475 solent
763 1432 920 1502 mergere,
947 1431 1107 1478 venerunt
1132 1410 1171 1476 ad
1187 1411 1357 1504 predisiant
1385 1408 1561 1498 Cesarearn,

522 1516 573 1581 ubi
591 1517 700 1582 Petrus
727 1515 787 1582 celi
812 1517 952 1607 claviger
964 1519 1072 1605 facilus
1100 1521 1148 1606 esl
1171 1521 1317 1584 Intrantes
1342 1518 1388 1584 ibi
1411 1517 1562 1611 ecclesiam

522 1621 659 1688 viderunt
679 1627 810 1710 statuam
834 1624 958 1711 Christi.
982 1625 1040 1690 old
1062 1629 1147 1691 cuius
1170 1626 1224 1713 sub
1245 1625 1316 1692 diro
1336 1631 1436 1718 pofite
1451 1625 1562 1714 peden

522 1727 611 1794 lterbo
629 1729 807 1796 admirande
823 1733 946 1797 virtutis
964 1731 1026 1797 olei
1044 1732 1208 1813 oriebatur,
1233 1731 1344 1820 dequo
1357 1735 1451 1826 sicin
1468 1731 1564 1797 eccle·

513 1837 633 1926 fiaslica
648 1838 772 1924 historio
788 1835 912 1927 legitur.
928 1836 1117 1920 Mulierem,
1135 1861 1221 1926 quom
1229 1838 1398 1928 sanguinis
1408 1841 1563 1928 profluuio

521 1938 707 2008 laborantem
728 1966 895 2026 curaverat,
918 1947 1006 2010 buius
1028 1945 1110 2010 urbis
1125 1943 1223 2034 fuiss
1246 1948 1339 2010 civem
1355 1949 1481 2034 constat.
1502 1947 1564 2010 Pte

513 2049 638 2137 foribus
661 2073 731 2115 vero
757 2051 862 2116 domus
887 2050 1015 2140 eiusdem
1037 2052 1176 2118 mulieris
1203 2051 1279 2143 bnfis
1296 2053 1422 2139 quedam
1443 2055 1477 2118 in
1494 2051 1562 2118 loco

521 2155 644 2222 editiori
671 2155 819 2222 collocata
843 2160 1030 2244 monstretur,
1059 2163 1090 2224 in
1107 2183 1165 2247 qua
1190 2157 1328 2225 mulieris
1347 2163 1452 2252 ipfius,
1482 2159 1564 2225 velut

520 2263 646 2352 genibus
667 2263 827 2352 provolute
850 2261 1028 2355 palmasque
1048 2264 1236 2356 suppliciter
1262 2267 1425 2350 tendentis,
1453 2269 1560 2356 imago

521 2393 569 2434 ere
585 2368 715 2459 expresa
728 2369 856 2436 videtur.
871 2370 985 2459 oldstot
1002 2372 1185 2459 oliastatuo‚
1201 2398 1250 2440 ere
1262 2373 1559 2464 nibilominusfuso,

450 2533 452 2538 ,
520 2475 603 2541 uultu
620 2472 651 2542 ὃ
669 2478 770 2542 babitu
789 2480 921 2544 Domini
936 2482 1011 2566 reste
1027 2481 1188 2565 fimbriata
1210 2480 1390 2548 circumdati
1407 2480 1561 2547 dextram·

520 2607 576 2670 que
588 2587 777 2673 porrigentis
789 2588 938 2673 prostrate
959 2583 1090 2652 mulieri.
1118 2587 1176 2652 oid
1195 2587 1302 2677 pedem
1328 2611 1428 2654 autern
1454 2585 1560 2654 virilr's

515 2691 612 2779 statue
636 2690 723 2755 lterba
742 2690 866 2777 qaedam
893 2715 966 2758 nove
981 2692 1102 2783 speciei
1127 2694 1299 2783 epredt'dlo
1321 2695 1381 2785 bas
1408 2693 1559 2778 nascendo

512 2796 631 2885 surgit,
649 2792 785 2863 &donec
793 2797 949 2882 fimbriam
962 2801 1123 2886 vestimenti
1132 2797 1201 2890 'lesu
1211 2823 1330 2892 tangat,
1351 2801 1486 2891 crescere
1501 2825 1558 2866 non

519 2900 635 2993 definit.
664 2903 761 2992 Qiam
778 2904 973 2994 consummo
995 2909 1104 2972 vertice
1120 2908 1252 2997 crescens
1269 2909 1358 2974 herba
1376 2910 1557 2997 contigerit,

520 3013 600 3076 vires
625 3008 695 3074 inde
721 3009 761 3074 ad
787 3008 979 3099 depellendos
1004 3035 1103 3080 ornnes
1130 3015 1248 3081 morbos
1271 3015 1432 3102 conquirit,
1457 3015 1507 3079 ita
1529 3037 1557 3078 to

519 3139 686 3204 quecunque
714 3114 771 3181 illo
788 3117 891 3202 fuerit
917 3119 1090 3206 infirmitas,
1122 3123 1223 3209 lausto
1249 3123 1357 3211 exiguo
1386 3120 1559 3208 madesadi

511 3221 666 3313 salutaris
682 3224 845 3312 graminis,
864 3221 1059 3312 depellatur;
1075 3224 1155 3293 nibil
1173 3230 1291 3293 omnino
1308 3231 1417 3294 uirium
1434 3250 1556 3317 gerens,

510 3335 540 3422 fi
553 3350 719 3417 antequam
737 3352 802 3394 eree
807 3328 929 3416 fimbris
934 3331 1138 3421 summitatem
1154 3334 1310 3425 crescendo
1325 3337 1497 3424 contigerit
1509 3335 1557 3399 de·

519 3457 666 3526 cerpotur.
693 3433 782 3500 Hanc
803 3435 957 3525 Eusebius,
984 3461 1148 3528 temporum
1158 3440 1305 3531 scriptor,
1331 3439 1438 3530 adsua
1463 3441 1557 3531 nsque

497 3525 652 3631 ‘tempora
675 3538 849 3629 perdurase
875 3539 905 3606 ἐν
927 3542 967 3632 se
983 3543 1055 3633 suis
1077 3547 1215 3634 perhibet
1241 3545 1338 3613 oculis
1362 3545 1555 3637 conspexise.

519 3643 608 3710 Hanc
622 3669 719 3712 autent
727 3651 860 3734 statuant
872 3650 898 3716 C
898 3650 984 3738 bristi
991 3650 1238 3741 scelernttffintus
1254 3652 1392 3719 lulianus
1405 3657 1556 3742 apostata,

519 3774 552 3816 ut
570 3756 601 3818 in
616 3753 789 3842 Tripartito
802 3751 917 3844 legitur
929 3757 1065 3845 liborio,
1083 3757 1221 3849 deposuit
1233 3755 1264 3825 ὃ
1273 3760 1363 3850 suom
1381 3758 1448 3826 loco
1467 3757 1556 3825 illins

519 3856 640 3924 locavit.
661 3859 732 3941 Sed,
752 3861 820 3926 Deo
833 3882 947 3927 rantum
958 3861 1060 3954 scelus
1074 3863 1114 3928 nd
1120 3865 1241 3955 presens
1254 3866 1434 3948 vindicante,
1451 3865 1554 3931 endem

519 3962 635 4032 Iuliani
652 3969 755 4054 statua
766 3966 917 4054 fulminis
943 3969 1003 4034 istu
1027 3969 1188 4058 dividitur,
1212 3975 1325 4062 capitis
1348 3996 1412 4037 curn
1442 3977 1554 4038 cer-rice

514 4092 591 4157 pars
616 4095 674 4138 uno
694 4094 772 4139 terre
798 4075 946 4164 infigitur,
975 4075 1072 4143 altera
1089 4079 1121 4143 in
1139 4076 1205 4144 loco
1225 4081 1329 4144 iterent
1338 4077 1489 4166 firlntinis
1509 4083 1552 4144 in-

519 4177 655 4244 cendium
678 4182 799 4268 testatur
811 4205 823 4256 ,·
830 4183 962 4269 statuam
986 4206 1054 4248 vero
1070 4182 1243 4251 salvatoris
1252 4189 1375 4275 pagani
1394 4187 1554 4274 confrege-

518 4304 597 4368 runt,
618 4282 784 4371 Christiani
801 4308 897 4352 autern
916 4284 1094 4378 colligentes
1113 4291 1144 4356 in
1162 4288 1281 4386 ecclesa
1299 4289 1482 4360 locaverunt.
