3434 5704
288 778 324 848 [S.
343 777 502 844 Ambrofius,
521 781 602 833 Semo
620 781 690 844 LVI,
714 782 753 832 De
768 777 849 832 namsi
861 777 947 846 santii
965 778 1074 846 Eusebii,
1099 779 1250 848 Vercellenfis

217 859 318 930 episcopi
330 858 448 928 (Migne,
462 859 531 912 Patr.
545 857 599 925 lat,
613 861 721 924 xv1,c.
736 859 821 928 720).]

260 1004 273 1035 ι
288 977 356 1041 Hos
372 976 495 1061 [Ellam
510 976 663 1057 Elisaeum,
677 974 835 1056 loannem,
850 971 1014 1057 Elisabeth,
1028 978 1120 1039 etiam
1132 975 1249 1058 exules]
1335 1057 1340 1068 Ι

218 1065 335 1131 secutus
352 1068 497 1133 Eusebius
512 1069 639 1148 sanetus,
653 1070 747 1131 exivit
761 1068 799 1131 de
818 1085 895 1131 terra
911 1068 961 1131 sua
975 1069 1004 1132 δι
1016 1070 1054 1131 de
1065 1067 1249 1150 cognatione

218 1155 277 1234 sua,
301 1156 331 1218 δι
355 1158 523 1220 domestico
547 1157 612 1219 otio
628 1157 905 1239 peregrinationem
931 1157 1072 1239 praetulit.
1105 1155 1164 1218 Pro
1189 1153 1249 1216 fide

218 1267 342 1329 quoque
360 1247 442 1328 exilij
466 1249 541 1309 dura
562 1247 741 1328 praeoptavit
765 1261 857 1329 atque
887 1246 1055 1328 praeelegit,
1080 1243 1249 1306 coniuneto

216 1331 268 1396 fibi
290 1335 398 1397 landbae
421 1337 579 1398 memoriae
600 1332 761 1416 Dionysr0,
783 1337 835 1418 qui
861 1335 1035 1417 posthabuit
1058 1333 1249 1416 imperatoris

218 1423 384 1484 amicitiam
398 1424 491 1486 exilio
505 1424 691 1486 voluntario.
710 1449 722 1480 s

287 1529 324 1600 [S.
338 1532 499 1598 Ambrosius,
512 1531 616 1611 Epistola
629 1535 661 1596 C,
673 1534 711 1583 ad
721 1529 842 1598 ecclefiam
855 1529 1028 1598 Vercellensem
1042 1530 1159 1600 (Migne,
1176 1532 1247 1582 Patr.

216 1610 273 1675 lan,
293 1612 365 1675 XVI,
379 1627 401 1663 c.
417 1612 520 1677 1207).]

259 1729 446 1808 «Eusebius,
466 1729 591 1792 natione
606 1729 727 1808 Sardus,
748 1727 778 1792 dr
799 1751 837 1792 ex
859 1726 973 1792 lediore
995 1729 1077 1792 urbis
1099 1727 1249 1790 Romanae

216 1817 418 1882 Vercellensts
444 1817 613 1900 episcopus,
638 1817 678 1879 ob
702 1817 919 1880 consellionem
940 1815 1010 1879 fidei
1033 1815 1248 1880 aConstautio

216 1909 356 1990 principe
377 1907 552 1990 Scythopolim
571 1905 601 1970 dr
623 1907 694 1968 inde
718 1907 927 1990 Cappadociam
942 1905 1102 1990 relegatus,
1127 1904 1179 1967 sub
1198 1901 1251 1964 lu-

216 1995 298 2058 liano
323 1996 507 2078 imperatore
529 1994 565 2057 ad
596 1991 754 2058 ecclesiam
779 1993 922 2070 reversus,
947 1995 1043 2056 edidit
1063 1995 1093 2055 in
1119 1991 1249 2075 psalmos

215 2082 583 2167 commentariosEusebij
593 2081 792 2162 Caesarienfis,
802 2082 926 2164 quosde
936 2081 1052 2148 Graeco
1062 2083 1091 2144 in
1101 2080 1247 2144 Latinum
1263 2111 1270 2126 ·

215 2188 352 2235 verterat
368 2173 516 2236 Mortuus
531 2170 573 2234 est
586 2171 805 2234 Valentiniano
820 2170 849 2234 ἃ
866 2170 996 2233 Valente
1012 2170 1218 2254 regnantibus.
1234 2194 1246 2226 ›

287 2277 323 2346 [ὃ.
343 2279 521 2352 Hieronymus,
534 2278 606 2332 Liber
619 2281 650 2330 de
662 2277 733 2332 viris
745 2277 887 2346 illustribus,
897 2295 921 2330 c.
938 2281 971 2343 96
984 2275 1103 2346 (Migne,
1111 2278 1181 2328 Patr.
1196 2275 1249 2340 lat,

215 2357 314 2422 XXIII,
335 2375 357 2411 c.
371 2361 452 2430 697);
471 2377 547 2430 quem
560 2359 728 2429 excripserunt
744 2357 859 2422 Rufinus,
873 2357 931 2425 Hist.
946 2356 1010 2422 eccl,
1023 2357 1039 2410 l.
1054 2359 1072 2422 l,
1093 2373 1114 2408 c.
1130 2357 1199 2408 ao&
1217 2371 1248 2418 30

216 2436 332 2506 (Migne,
346 2441 414 2492 Patr.
424 2439 480 2504 lat,
496 2443 570 2506 XXI,
581 2456 619 2492 cc.
631 2455 682 2506 493
694 2439 719 2490 dr
731 2441 800 2506 500),
814 2437 829 2489 s.
845 2436 976 2490 Maximus
986 2435 1158 2500 Taurinenste,
1168 2441 1249 2490 Sermo

200 2515 279 2582 ‚11ss.
292 2517 390 2585 Eusebia
403 2519 471 2587 (Aa,
482 2524 521 2572 SS.
535 2519 603 2585 Ball,
616 2539 630 2571 2
635 2537 648 2586 ς
664 2521 727 2584 lun,
740 2522 770 2584 V,
785 2537 808 2588 p.
820 2519 875 2586 50),
890 2517 955 2588 Sulp.
967 2519 1079 2581 Severus,
1093 2515 1150 2584 istst.
1155 2515 1249 2582 sacra,

138 2636 145 2650 .
213 2593 278 2660 ln,
304 2615 326 2650 o.
349 2616 379 2664 39
400 2598 518 2668 (Migne,
541 2600 610 2651 Patr.
629 2599 683 2662 lan,
703 2601 763 2661 XX,
786 2615 809 2650 c.
835 2599 907 2666 151),
932 2598 1086 2667 Freculphus
1106 2615 1144 2668 ep.
1167 2599 1249 2674 Lexo-

155 2709 158 2714 ·
216 2676 312 2742 niensis,
325 2677 467 2744 Chaoniam,
482 2690 499 2731 t.
512 2681 547 2744 11,
561 2679 576 2731 l.
591 2681 638 2744 IV,
650 2696 672 2731 c.
686 2699 704 2743 4
718 2675 793 2746 (Bibi.
809 2677 886 2732 Max.
905 2679 960 2742 PR,
972 2679 1011 2730 ed.
1028 2678 1124 2746 Ludg,
1142 2689 1159 2729 a
1177 2677 1248 2742 XIV,

216 2773 240 2824 Ρ·
258 2758 361 2824 ¹¹⁷3ll

258 2897 271 2928 ι
287 2871 457 2935 Adhaerens
470 2870 499 2956 [s
513 2871 720 2954 Gaudentius]
734 2869 900 2933 beatisfimo
913 2871 978 2932 viro
993 2870 1013 2933 s.
1025 2867 1157 2932 Eusebio
1172 2893 1249 2934 con·

216 2956 313 3022 sessori
330 2957 529 3041 [Vercellenst
544 2958 710 3042 episcopo],
727 2975 873 3042 prompto
889 2959 992 3022 animo
1007 2980 1067 3022 una
1088 2980 1160 3020 curn
1184 2955 1248 3039 ipso

217 3046 342 3110 exilium
360 3047 523 3129 expetiit...
541 3045 703 3130 Postquam
727 3045 852 3129 pastoris
875 3047 1008 3110 absentia
1023 3047 1248 3112 Vercellensem

217 3135 339 3219 plebem
353 3134 524 3197 destitutam
540 3133 790 3218 antiquus-hostis
807 3134 1009 3218 perspexerat,
1024 3133 1164 3218 malignis
1179 3136 1250 3218 qui-

216 3223 340 3286 busdam
371 3221 554 3287 suasionibus
576 3241 668 3307 atque
694 3226 815 3286 interno
847 3223 928 3287 bello
955 3241 1158 3286 memoratam
1185 3223 1247 3286 Dei

215 3309 372 3374 ecclefiam
384 3334 569 3396 omnemque
585 3311 707 3395 plebem
721 3311 799 3375 visus
813 3311 855 3375 est
871 3312 1061 3394 impugnare.
1076 3312 1134 3375 Sed
1152 3311 1248 3392 ocius,

216 3400 385 3483 opitulante
401 3401 485 3481 Deo,
507 3399 630 3464 adhaesrt
650 3399 711 3464 Dei
734 3400 898 3464 clementia
911 3420 965 3483 per
987 3400 1152 3462 adventum
1167 3400 1246 3464 beati

217 3488 427 3573 Gaudentij....
442 3515 456 3548 e

215 3681 241 3732 11
287 3600 452 3747 [Α)η]οηγωιιι
466 3599 498 3668 (s.
512 3601 594 3666 Vlll),
609 3598 696 3666 Vitas.
710 3599 852 3666 Gaudena'j,
863 3617 886 3651 c.
900 3617 914 3650 a
928 3599 997 3668 (Aa.
1010 3601 1049 3650 SS.
1061 3597 1248 3664 alaxander,

241 3696 313 3745 94¹9
332 3718 338 3732 ·

257 3815 270 3846 ι
283 3785 319 3852 In
330 3791 394 3872 ipso
405 3789 539 3853 concilio
548 3787 797 3872 [Mediolanensi]
808 3790 882 3852 loris
894 3788 977 3872 ligati
990 3788 1080 3852 sandli
1093 3786 1155 3851 Dei
1168 3809 1247 3870 pon-

216 3877 312 3941 tifices
326 3877 356 3941 dt
370 3894 514 3962 martyres
529 3879 559 3940 in
574 3876 701 3940 exilium
715 3879 955 3960 deportabantur
969 3899 1040 3940 cum
1054 3875 1246 3958 Dionysio&
1330 3951 1332 3958 γ

216 3988 295 4050 papa
308 3967 436 4031 Liberio
447 4013 531 4030 .....
546 3965 693 4030 Eusebius
708 3983 811 4028 autem
826 3981 952 4048 propter
966 3965 1126 4029 senestutis
1145 3966 1245 4050 gravi-

216 4072 310 4118 tatem
324 4057 354 4117 in
370 4077 462 4118 cavea
476 4051 588 4134 missus,
608 4052 689 4138 quast
704 4051 776 4118 ell‘et
791 4053 962 4117 devastator
976 4056 1074 4118 vineae
1089 4056 1201 4120 Christi
1216 4057 1246 4120 δι

216 4145 310 4207 totius
324 4145 441 4228 imperij
457 4145 551 4227 pacis,
568 4144 677 4206 dubius
692 4143 878 4228 Scythopolim,
899 4144 1084 4228 traditusque
1097 4147 1126 4206 in
1138 4165 1245 4208 manus

216 4234 416 4313 Animorum,
438 4233 515 4297 utin
534 4256 573 4297 eo
588 4233 652 4296 suas
667 4232 859 4314 complerent
873 4232 1046 4297 voluntates
1087 4281 1095 4297 .
1137 4281 1144 4295 .
1188 4280 1195 4294 .
1238 4279 1245 4296 .
