3354 5706
915 543 1111 598 ARCULFUS

787 798 854 868 Vll.
881 804 932 868 De
939 801 1083 894 sepulcro
1103 802 1232 894 Rachel.

543 965 663 1037 Rachel
688 966 722 1035 in
747 965 900 1062 Ephrata,
928 967 993 1037 hoc
1018 967 1078 1056 est,
1107 969 1140 1036 in
1172 969 1308 1064 regione
1334 965 1527 1038 Bethlehem

494 1071 576 1145 liber
600 1073 767 1144 Geneseos
789 1073 948 1169 sepultam
973 1097 1115 1163 enarrat,
1138 1073 1192 1144 sed
1216 1077 1250 1144 ἃ
1266 1074 1432 1143 Locorum
1451 1071 1536 1145 liber

494 1182 527 1251 in
553 1178 670 1250 eadem
695 1180 830 1275 regione
858 1181 945 1250 iuxta
970 1181 1059 1251 viam
1082 1180 1252 1252 humatam
1279 1179 1373 1250 refert
1399 1179 1533 1251 Rachel

496 1288 548 1357 De
565 1311 630 1380 qua
647 1287 701 1357 via
717 1286 867 1356 hrculfus
890 1287 972 1357 mihi
990 1287 1226 1385 interroganti⁰
1242 1285 1457 1382 respondens,
1476 1289 1534 1357 ait:

496 1393 542 1462 list
564 1390 708 1488 quedam
724 1392 776 1462 via
791 1395 891 1489 regia,
914 1418 978 1488 que
996 1391 1036 1464 ab
1055 1394 1150 1465 Helia
1174 1418 1289 1464 contra
1313 1391 1533 1464 meridianam

497 1498 631 1596 plagam
657 1495 794 1569 Hebron
826 1497 931 1589 ducit,
958 1501 1010 1569 cui
1032 1501 1083 1570 vie
1107 1499 1294 1570 Bethlehem
1317 1500 1440 1590 vicina,
1461 1501 1533 1570 seul

496 1602 636 1675 millibus
649 1603 767 1674 distans
781 1601 821 1674 ab
838 1605 1079 1696 Hierosolyma,
1093 1602 1132 1676 ab
1154 1605 1304 1676 orientali
1320 1606 1422 1703 plaga
1437 1605 1536 1677 adhe

496 1736 554 1802 ret,
582 1709 765 1806 sepulcrum
790 1737 868 1782 vero
887 1711 1007 1782 Rachel
1028 1714 1061 1781 in
1084 1711 1228 1782 eiul'dem
1255 1715 1307 1784 vie
1331 1715 1538 1784 extremitate

497 1815 539 1888 ab
556 1816 752 1888 occidentali
767 1841 869 1912 parte,
888 1817 953 1888 hoc
969 1818 1027 1908 est,
1046 1821 1080 1888 in
1103 1817 1217 1898 dextro
1235 1818 1354 1890 latere⁶
1371 1823 1538 1918 pergenti·

497 1922 556 1994 bus
577 1920 727 2014 Hebron,
749 1923 918 2015 coherens,
939 1925 994 1996 vili
1017 1950 1119 2020 opere
1137 1925 1339 1997 collocatum
1358 1929 1393 1996 ἃ
1412 1927 1539 1998 nullam

498 2025 620 2099 habens
649 2028 912 2119 adornationem,
934 2030 1066 2129 lapidea
1088 2030 1329 2102 circumdatum
1352 2030 1538 2128 pyramide.

499 2131 623 2205 lbidem
651 2139 684 2206 ὅ(
717 2139 859 2208 nominis
892 2137 960 2208 eius
993 2138 1102 2209 titulus
1130 2137 1295 2234 hodieque
1326 2139 1538 2228 monstratur,

500 2266 600 2335 quem
618 2241 714 2314 lacob
733 2246 865 2314 maritus
883 2245 950 2314 eius
967 2244 1062 2340 super
1079 2243 1159 2316 illud
1178 2247 1287 2316 erexit.

862 2518 940 2589 Vlll.
968 2523 1019 2586 De
1036 2522 1170 2589 Hebron.

550 2671 699 2765 Hebron,
726 2702 790 2772 que
815 2679 850 2747 δι
866 2674 1025 2766 Mambre,
1052 2677 1133 2748 olim
1153 2677 1391 2749 Philistinorum
1419 2703 1546 2749 metro-

500 2783 642 2878 polis&
672 2779 892 2853 habitaculum
918 2785 1092 2880 gigantum
1126 2785 1239 2872 fuerat,
1270 2786 1304 2854 in
1337 2810 1403 2880 qua
1430 2785 1546 2856 David

500 2891 625 2985 septem
639 2891 905 2985 regnavitannis,
924 2915 1025 2980 nunc,
1038 2889 1117 2960 ficut
1130 2892 1256 2960 sancius
1268 2891 1365 2962 refert
1373 2893 1545 2982 Arculfus,

500 3021 670 3066 murorum
702 3021 770 3066 non
802 2994 901 3067 habet
931 2994 1101 3068 ambitum.
1135 2996 1293 3094 Quedam
1322 2996 1545 3069 solummodo

499 3103 603 3174 dirute
629 3102 710 3172 olim
736 3104 872 3173 civitatis
898 3105 931 3175 in
958 3103 1099 3199 reliquiis
1124 3105 1256 3202 vestigia
1274 3102 1416 3175 ostendit
1431 3107 1546 3176 ruina-

500 3237 590 3300 rum3
608 3209 698 3280 vicos
714 3233 824 3278 tamen
843 3207 941 3280 habet
959 3209 1122 3306 quosdam
1139 3211 1194 3282 vili
1207 3235 1307 3307 opere
1320 3211 1546 3295 construstos,

500 3317 625 3414 agellos
643 3321 677 3388 ἃ
695 3317 796 3406 villas,
822 3317 899 3387 alias
916 3319 998 3388 intra
1015 3321 1049 3387 δι
1067 3318 1144 3388 alias
1162 3341 1250 3388 extra
1270 3317 1339 3386 illas
1361 3317 1547 3388 muralium

501 3424 649 3520 reliquias
671 3423 936 3515 destruclionum,
960 3450 1018 3521 per
1035 3425 1248 3520 campestrem
1270 3423 1450 3496 collocatas
1469 3426 1547 3521 pla·

501 3533 625 3621 nitiem,
639 3533 673 3601 in
693 3528 808 3626 quibus
823 3529 976 3602 videlicet
988 3532 1067 3604 vicis
1080 3532 1115 3600 ἃ
1129 3531 1210 3602 villis
1224 3529 1402 3601 multitudo
1421 3533 1546 3626 populi

504 3635 640 3709 habitat.

616 3796 666 3868 ΙΧ.
693 3801 744 3866 De
760 3799 841 3866 vulle
859 3799 1011 3867 Mambre
1029 3796 1059 3864 ἒν
1076 3799 1113 3864 de
1123 3797 1277 3889 sepulcris
1295 3822 1422 3888 quantor

888 3909 1149 3995 patriarcharum.

552 4069 604 4142 Ab
619 4073 768 4143 orientali
781 4097 859 4144 vero
868 4072 966 4168 plaga
979 4069 1123 4142 eiusdem
1132 4067 1270 4140 Hebron
1283 4067 1384 4168 agerd
1397 4075 1547 4143 occurrit

537 4256 560 4290 a.
571 4239 608 4304 L,
622 4238 657 4291 al.
669 4238 847 4308 percuncianti.
861 4267 893 4277 -
908 4240 934 4289 b.
951 4239 989 4302 B,
1053 4265 1085 4277 —
1099 4238 1124 4289 d.
1139 4239 1221 4301 Mau,
1234 4236 1315 4304 Gretst
1328 4255 1343 4288 a
1357 4247 1438 4306 tergo.

506 4317 543 4383 V,
556 4319 583 4370 R.
598 4336 654 4370 rm.
672 4349 704 4358 —
720 4335 739 4371 c.
757 4321 788 4371 G.
802 4319 865 4370 add.
874 4317 988 4371 habetur.
