3354 5706
426 593 477 646 on
502 591 608 646 uocrs
632 590 799 644 sancus.
1059 597 1128 667 207

86 829 139 884 que
159 811 309 883 parrochia
326 813 361 867 est
383 812 524 868 Ierusalem
542 831 629 885 pauca
647 813 783 868 scribenda
801 814 870 867 sant.
884 812 1019 867 Bethleem
1038 809 1131 864 civitas

88 911 142 948 non
165 907 226 948 tam
240 895 289 948 fitu
302 895 418 964 grandis,
430 895 496 950 ficut
516 895 594 949 nobis
612 895 745 949 Areulfus
758 894 858 961 retulit,
875 893 922 966 qul
934 912 994 948 eam
1006 893 1131 964 frequen·

88 977 163 1042 tavit,
186 977 232 1030 sed
253 976 314 1031 ideo
329 977 442 1046 gloriosa
460 978 524 1048 quia
536 976 673 1030 Dominus
693 977 777 1030 noster
796 995 828 1030 ex
839 978 917 1030 beata
930 973 1021 1028 Maria
1033 974 1133 1044 semper

89 1055 194 1126 virgine
208 1056 246 1110 est
271 1057 341 1111 nesci
359 1055 492 1127 dignatus.
508 1056 553 1110 En
577 1073 694 1128 namque
715 1057 742 1109 in
757 1057 833 1110 dorso
852 1055 951 1110 montis
964 1054 1017 1120 fita,
1034 1071 1086 1124 que
1099 1071 1131 1106 err

92 1136 167 1189 omni
180 1148 260 1207 parte
272 1135 386 1192 vallibus
399 1137 617 1191 circumdatur&
631 1137 706 1208 super
727 1147 793 1190 terre
805 1137 911 1190 dorsum
924 1137 959 1188 ab
971 1132 1131 1188 occidentali

88 1215 167 1288 plaga
180 1216 210 1270 in
223 1218 381 1272 orientalem
392 1217 498 1289 plagam
512 1216 582 1288 quali
596 1217 670 1271 mille
678 1216 791 1288 paffibus
800 1217 950 1288 porrigitur.
965 1215 1020 1276 Qui
1029 1231 1130 1279 murus,

89 1295 138 1351 fine
161 1299 285 1352 turribus
304 1297 331 1351 in
354 1297 452 1352 montis
475 1296 615 1368 supercilio
637 1296 798 1351 confir-ustus
819 1297 861 1350 est.
883 1299 913 1349 ln
935 1294 1056 1349 orientali
1068 1309 1131 1348 uero

90 1389 211 1432 extremo
237 1379 339 1448 angulo
361 1379 431 1449 quasr
445 1379 560 1449 quedam
576 1377 701 1432 naturalia
723 1376 788 1430 inest
806 1377 939 1448 spelunca,
952 1393 1005 1447 que
1026 1375 1131 1445 presepe

90 1458 202 1512 Domini
216 1459 375 1513 nominatur
387 1458 413 1512 in
429 1475 484 1530 quo
496 1457 648 1511 Dominum
662 1456 800 1512 reclinavit
817 1467 909 1510 mater.
932 1455 1014 1510 Alius
1027 1471 1090 1508 uero
1103 1453 1131 1506 in

91 1538 241 1608 supradiiio
266 1539 328 1593 loeo
350 1539 472 1610 proprior
492 1538 568 1592 loeus
588 1538 717 1603 habetur,
737 1537 783 1589 ubi
805 1535 952 1590 construite
974 1534 1009 1589 est
1028 1533 1132 1606 lapidea

92 1618 271 1686 domuncula,
288 1618 334 1674 ubi
349 1618 484 1673 Dominus
508 1629 585 1672 natus
595 1615 644 1671 elie
662 1615 784 1670 creditur.
806 1619 888 1670 Extra
901 1635 1008 1671 mamm
1020 1634 1083 1670 vero
1097 1613 1132 1668 et

92 1696 156 1767 lapis
170 1697 199 1751 in
218 1715 277 1770 quo
289 1699 370 1754 effusa
382 1699 435 1752 suit
447 1717 515 1770 aqua
528 1697 562 1752 de
576 1697 692 1764 vasculo,
702 1697 749 1750 ubi
759 1697 882 1751 ablutum
895 1696 948 1750 fuis
961 1697 1062 1750 sacrum
1074 1694 1131 1748 elus

94 1779 303 1850 corpusculum
328 1798 380 1850 que
400 1779 502 1833 undula
520 1797 552 1832 ea
572 1778 665 1832 eadem
687 1777 731 1831 die
750 1777 885 1848 usquead
904 1775 989 1830 nostra
1009 1788 1131 1846 tempora

94 1875 138 1928 per
149 1860 254 1913 multos
267 1860 416 1914 seculorum
434 1859 562 1913 circuitus
572 1857 706 1930 puriffima
719 1857 878 1911 monstratur
891 1857 1001 1929 limpha,
1015 1856 1066 1910 line
1076 1855 1132 1908 ulla

97 1938 247 1993 deseffione
262 1939 305 1993 vel
317 1939 502 1994 diminutione.
513 1938 668 2010 Sepulcrum
676 1955 739 1992 vero
753 1937 842 1991 David
854 1937 923 2007 regis
936 1947 1010 1990 extra
1021 1953 1129 1989 murum

97 2017 206 2072 civitatis
221 2019 251 2072 in
268 2019 337 2074 valle
354 2019 482 2090 contigua
495 2019 530 2073 est
550 2017 672 2089 posrturn,
685 2017 733 2072 ubi
746 2017 781 2072 est
793 2017 900 2071 ecclesia
912 2017 1023 2070 fundata
1036 2033 1089 2087 que
1101 2013 1131 2070 in

98 2111 167 2167 parte
185 2099 340 2170 aquilonari
353 2099 504 2153 monticulo
516 2100 640 2162 coheret;
664 2098 738 2168 quod
755 2097 783 2150 in
802 2109 878 2168 parte
891 2097 1000 2151 meridie
1014 2095 1130 2150 eiusdem

99 2178 201 2233 ecclefie
212 2179 370 2251 pavimento
389 2181 440 2234 fine
453 2180 545 2251 aliquo
563 2190 721 2232 ornamento
733 2177 855 2243 habetur,
866 2175 1051 2248 superpositam
1065 2175 1132 2247 lapi·

98 2258 170 2312 deam
184 2261 287 2314 habens
300 2261 466 2332 piramidem.
479 2261 523 2313 De
543 2258 663 2330 sepulcro
675 2275 786 2329 quoque
798 2256 877 2311 sandi
890 2255 1038 2312 Iheronimi
1053 2255 1131 2310 nobis

97 2338 291 2410 inquirentibus
302 2340 449 2412 respondite
462 2339 618 2410 Sepulcrum
630 2337 710 2392 nneti
723 2335 869 2410 lberonimi
878 2337 912 2391 de
921 2354 976 2409 quo
989 2335 1132 2408 inquiritis,

100 2435 146 2488 ego
165 2420 220 2491 ipse
241 2420 376 2475 Arculfus
396 2419 530 2490 conspexi,
548 2420 624 2490 quod
635 2418 663 2472 in
677 2417 730 2471 alia
743 2418 855 2472 habetur
871 2417 978 2472 ecclesia
991 2433 1043 2488 que
1058 2427 1132 2470 extra

99 2501 205 2554 eandem
223 2500 360 2556 civitaoem
377 2500 406 2553 in
420 2500 488 2554 valle
500 2499 536 2553 est
546 2498 685 2565 fabricata,
697 2516 750 2569 que
762 2497 790 2550 in
803 2496 951 2552 meridiano
963 2496 1043 2550 latere
1056 2497 1132 2568 supra

101 2582 236 2635 memorati
256 2579 406 2635 monticelli
427 2580 504 2633 dorso
522 2577 558 2632 et
576 2577 629 2632 lita.
647 2580 830 2632 Monumenta
849 2595 912 2631 vero
928 2577 1010 2630 mum
1022 2575 1131 2630 illorum

100 2659 226 2729 pastorum
248 2661 278 2715 in
299 2661 406 2715 ecclesa
426 2658 593 2730 frequentari
614 2659 687 2713 iuxta
699 2669 799 2712 turrem
813 2658 899 2724 Ader,
914 2675 982 2730 quos
994 2657 1021 2710 in
1035 2655 1130 2710 eodem

101 2738 159 2794 loco
171 2742 296 2796 nascente
305 2741 428 2796 Domino
436 2757 519 2812 prope
532 2751 630 2792 turrem
644 2736 733 2808 gregis
746 2737 868 2808 angelice
881 2736 953 2790 vocis
966 2736 1069 2792 claritas
1083 2735 1132 2790 cir·

101 2822 246 2890 cumdedit,
265 2821 314 2876 ubi
333 2821 445 2876 habetur
463 2817 571 2875 ecclefia
587 2817 712 2872 nobiliter
732 2817 851 2872 firndata.
866 2819 908 2871 De
931 2816 1050 2889 sepulcro
1070 2831 1132 2870 vero

103 2899 200 2954 Rachel
219 2900 455 2974 percursitantibus
476 2899 570 2964 nobis,
591 2897 726 2952 Arculsus
749 2896 787 2951 ita
806 2895 952 2967 respondite
974 2893 1131 2966 Sepulcrum

105 2979 201 3034 Rachel
219 2981 393 3054 pergentibus
406 2979 545 3034 Bethleem
562 2978 683 3051 quinque
700 2977 809 3032 milibus
821 2977 855 3030 ab
871 2975 1012 3030 Ierusalem
1026 2973 1132 3030 ineius·

104 3059 159 3112 dem
171 3060 212 3114 rie
223 3061 391 3116 extremitate
403 3061 438 3115 ab
450 3058 609 3114 occidentali
623 3068 707 3129 parte,
720 3057 772 3110 hoc
785 3056 820 3111 esl
832 3056 860 3110 in
873 3056 967 3110 dextro
980 3055 1061 3109 latere
1074 3071 1132 3125 per·

103 3139 220 3207 gentibus
231 3143 356 3208 Hebron,
374 3140 479 3213 lapidea
496 3138 694 3194 circumdatum
708 3136 837 3207 piramide
850 3135 885 3192 esl
897 3136 1072 3199 collocatum,
1085 3134 1133 3188 ubi

103 3218 125 3270 lt
143 3219 236 3274 titulos
260 3220 377 3275 nominis
394 3220 451 3274 eiua
471 3217 551 3272 hodie
572 3216 739 3283 monstratur,
756 3235 838 3288 quern
851 3217 935 3271 Iacob
949 3214 1059 3270 marina
1076 3213 1133 3268 eiua

104 3297 174 3369 super
182 3299 251 3353 illud
259 3299 363 3354 erreait.
374 3301 495 3364 Hebron,
505 3299 593 3368 que&
603 3297 738 3364 Mambre,
748 3315 886 3352 murorum
896 3313 950 3350 non
961 3296 1041 3350 habet
1049 3293 1134 3350 ambi-
1252 3341 1257 3353 .

106 3387 173 3446 tum;
184 3379 354 3434 solummodo
363 3379 439 3434 ruine
448 3378 505 3433 eius
514 3376 699 3431 monstrantur.
709 3378 741 3429 In
749 3375 872 3430 orientali
881 3393 942 3432 vero
951 3375 1028 3447 plaga
1039 3391 1133 3430 occur·

104 3456 135 3510 rit
145 3457 187 3512 ille
200 3477 265 3531 ager
277 3458 401 3530 spelunea
409 3447 543 3530 dupplicir'
552 3455 690 3527 respiciens
701 3457 836 3523 Mambre,
844 3474 925 3528 quem
936 3457 1001 3510 emit
1009 3455 1132 3510 Abraam

107 3537 138 3590 ab
148 3539 258 3610 Ephron
272 3540 360 3594 Etheo
375 3537 404 3592 in
424 3537 613 3610 poll'effionem.
626 3537 658 3590 In
672 3535 750 3591 huius
770 3535 851 3606 agelli
862 3536 930 3590 valle
941 3535 1061 3607 sepulcra
1072 3536 1135 3590 sunt

106 3703 153 3756 quo
169 3688 314 3742 sermbatur
332 3685 466 3753 sudarium,
482 3684 586 3740 omnino
649 3685 811 3756 reposuerunt
830 3684 897 3738 circa
917 3700 1011 3736 annum
1028 3682 1134 3737 Domini

108 3783 153 3820 uon
165 3769 255 3838 tetigit.
270 3767 373 3822 Audito
384 3767 442 3832 hoc,
459 3765 535 3837 aliqui
554 3766 586 3819 de
649 3763 805 3818 millesimum
831 3761 992 3817 centesimum
1013 3761 1135 3818 duodeci·

109 3845 227 3915 frutribus,
241 3847 286 3918 qui
300 3847 333 3902 de
345 3863 412 3901 noro
423 3847 586 3900 morabantur
649 3842 745 3898 ιιτιιιιι.Ι
758 3843 871 3898 Clericus
880 3860 939 3897 vero
949 3841 1133 3897 noninueniens

107 3923 316 3995 inlooocadunij,
324 3937 520 3997 properaverunt
528 3923 586 3980 illuc
648 3923 800 3989 thesaurum,
822 3920 930 3993 perrexit
951 3921 1019 3993 apud
1038 3921 1134 3976 cadus-

109 4005 196 4058 &eum
207 4005 356 4062 inuenissent
368 4003 527 4072 sardium,ui
538 4003 587 4058 sre-
648 4003 730 4058 numi
746 4003 771 4056 tr
790 4018 849 4056 curn
865 4019 916 4056 non
935 3999 1016 4072 posset
1032 4019 1135 4072 recupe-

110 4097 201 4151 gerum,
209 4087 243 4152 dt,
253 4097 359 4155 accepto
368 4084 474 4150 barleto,
484 4083 586 4138 obierat
649 4083 727 4150 rare,⁸
740 4081 821 4134 induit
829 4081 943 4136 habiturn
952 4081 1134 4148 monachalem,

111 4163 264 4220 maiacum
277 4163 412 4230 sudarium,
419 4163 501 4218 seeum
514 4161 586 4218 eitius
649 4159 880 4232 &quamdiuuixiq
888 4160 1030 4233 quodpriua
1039 4161 1135 4216 babue-

111 4241 294 4310 asportaverunt
307 4245 331 4298 δι
343 4241 370 4298 in
382 4243 530 4298 monasterio
543 4242 587 4296 suo
650 4251 689 4294 rat
702 4240 797 4294 ibidem
808 4239 970 4294 austadius.»

146 4377 202 4432 Ἦ.
212 4384 303 4448 mearij.
315 4409 344 4422 ·-
356 4392 365 4420 ¹
379 4383 418 4431 sd.
434 4381 471 4430 acl.
483 4381 650 4432 monasterium.
662 4407 691 4419 -
703 4381 712 4407 ¹
723 4380 765 4428 sd.
784 4381 821 4429 ad.
832 4381 895 4445 petiit
905 4385 933 4430 se
