3354 5706
442 535 493 586 DE
517 533 622 586 LOCIS
647 532 813 586 SANCTIS.
892 541 896 558 ¹
1077 536 1142 616 199

89 773 260 850 equum‚⁶
280 755 344 826 huc
360 781 459 852 atque
475 757 552 828 illuc
569 753 728 846 currebat,
744 760 778 827 δι
800 755 926 828 tamdiu
942 757 1023 828 illius
1042 783 1144 853 equus

90 862 185 932 nulla
216 863 432 960 instigatione
463 865 590 935 moveri
617 887 766 958 poterat,
795 863 965 959 usquequo
990 889 1144 936 numerus

90 966 288 1038 solidorum
311 969 476 1066 sexaginta
497 967 729 1065 adimpleretur
746 965 837 1039 fimul
854 995 1142 1068 congregatorum.

89 1075 182 1144 Tum
215 1072 344 1146 deinde
371 1074 465 1169 supra
489 1099 790 1145 commemoratum
817 1077 933 1171 repetit
957 1075 1142 1148 sermonem

93 1178 135 1250 de
165 1181 281 1252 saneii
310 1178 501 1252 confessoris
530 1181 698 1252 mansueta
724 1179 927 1252 humanitate
955 1183 1082 1253 &tuta
1108 1183 1142 1253 in

91 1286 316 1384 expeditione
341 1285 499 1376 custodia,
526 1289 561 1357 ἃ
579 1285 621 1358 de
650 1287 717 1358 eius
735 1284 824 1384 quast
841 1284 956 1359 duritia
975 1287 1027 1360 vel
1044 1289 1142 1360 etiam

92 1395 125 1464 in
143 1394 362 1465 commerciis
382 1395 516 1466 avaritia
534 1394 866 1489 commemoransque
884 1394 960 1466 talia
976 1391 1086 1485 verba,
1104 1419 1139 1466 ut
1180 1445 1183 1450 -

92 1505 206 1593 fertur,
233 1505 273 1571 δι
305 1502 377 1598 post
407 1500 611 1595 quaternales
641 1497 780 1598 singulas
806 1502 911 1590 vices,
936 1503 971 1572 in
1000 1499 1141 1571 domum

94 1608 253 1700 reversus,
270 1605 450 1705 repetebat,
464 1605 506 1677 ad
521 1607 673 1678 ultimum
691 1607 757 1680 hoc
773 1605 878 1679 modo
896 1608 1044 1679 sendum
1056 1608 1139 1678 allu-

94 1717 205 1811 quitur
223 1715 428 1813 Georgium,
445 1713 574 1787 dicens:
599 1717 717 1786 Sande
740 1713 915 1806 confessor,
939 1739 1026 1786 nunc
1048 1738 1138 1786 tuam

97 1847 156 1917 pro
183 1846 282 1894 certo
308 1821 480 1920 cognosco
506 1821 719 1892 voluntatem.
747 1822 819 1892 Hec
845 1823 955 1917 itaque
981 1823 1069 1893 iuxta
1094 1821 1139 1912 id,

97 1927 186 2024 quod
209 1927 388 2020 desideras,
411 1953 519 2000 totum
540 1929 610 1999 auri
630 1926 777 2025 pondus,
799 1926 951 2001 videlicet
972 1929 1138 2026 sexaginta

97 2034 230 2126 solidos,
246 2033 308 2107 ribi
323 2059 440 2104 munus
457 2031 574 2125 offero,
591 2034 697 2130 ipsum
715 2060 850 2130 quoque
871 2061 983 2106 meum
999 2060 1135 2130 equum,

99 2167 196 2238 quem
218 2139 282 2214 tibi
308 2143 394 2237 prius
411 2141 625 2237 promiseram
641 2166 777 2238 propter
793 2142 1038 2239 expeditionem
1055 2166 1137 2214 con·

99 2249 315 2342 donandum3
331 2246 502 2339 nuncubi,
517 2248 592 2320 licet
607 2245 817 2320 invisibilibus
835 2249 1050 2348 alligamentis
1066 2251 1136 2323 vin·

100 2356 253 2450 cubitum,
277 2356 451 2447 condono,
468 2355 523 2428 sed
541 2382 630 2448 mox,
649 2379 684 2426 ut
700 2354 811 2446 credo,
833 2355 1061 2428 resolvendum
1078 2382 1137 2453 per

103 2487 190 2534 tuam
210 2466 246 2536 in
273 2466 424 2535 Domino
446 2462 742 2534 honorificentiam.
769 2463 846 2532 Hoc
874 2464 1047 2534 terminato
1074 2465 1136 2535 ser·

103 2595 210 2661 mone,
233 2568 378 2668 egressus
401 2568 553 2659 domum,
576 2568 698 2641 eodem
714 2567 794 2640 hore
818 2593 991 2641 momento
1008 2568 1136 2641 absolu·

101 2700 166 2746 tum
176 2678 300 2774 reperit
314 2678 431 2774 ipsum,
442 2703 553 2773 quem,
564 2677 672 2748 secum
683 2676 849 2748 ducensin
863 2674 1134 2768 domumsando

102 2781 262 2854 donatum
296 2783 466 2882 aslignavit
501 2782 676 2856 confessori
709 2786 742 2856 in
772 2785 950 2880 conspeslu
979 2785 1131 2882 imaginis

105 2886 204 2984 ipsius,
234 2888 381 2987 indeque
410 2888 606 2962 letabundus
631 2891 796 2963 Christum
826 2889 1041 2989 magnificans
1071 2888 1133 2960 dis·

103 2995 192 3068 ceffit.

147 3103 235 3175 Hinc
258 3105 429 3176 manifeste
450 3104 632 3202 collegitur,
654 3108 856 3196 quodcumque
875 3108 1009 3175 Domino
1032 3107 1134 3199 conse·

107 3237 212 3300 cretur,
229 3224 291 3310 five
309 3221 397 3285 stomo
414 3220 482 3301 erit,
495 3222 560 3311 five
577 3216 703 3304 animal,
720 3215 807 3284 iuxta
823 3211 869 3302 id,
885 3210 977 3308 quod
993 3212 1027 3282 in
1043 3212 1133 3283 levi·

105 3317 165 3386 rico
184 3320 339 3416 scriptum
361 3319 405 3392 est
427 3318 531 3410 libro,
555 3319 647 3390 nullo
670 3318 776 3390 modo
797 3318 913 3390 redimi
934 3319 1057 3414 poterit
1077 3342 1133 3389 aut

105 3429 231 3496 mutari:
250 3454 330 3498 narn
352 3425 458 3520 siquis
478 3433 649 3514 mutaverit,
672 3427 702 3497 ss
721 3429 816 3522 absum
834 3429 913 3518 quod
933 3431 1132 3516 muratumest

108 3529 135 3596 se
160 3535 249 3622 illud,
273 3563 334 3628 pro
359 3562 416 3626 quo
442 3557 582 3604 muratum
607 3541 657 3626 est,
680 3537 879 3628 consecratum
905 3539 964 3602 erit
986 3537 1132 3620 Domino,

106 3637 217 3710 &non
239 3638 426 3711 redimetur.

349 3881 390 3951 V.
417 3887 467 3951 Ue
485 3885 620 3974 imagine
627 3883 734 3975 sorde
751 3882 878 3950 Warie.

151 4033 295 4107 Arculsirs
313 4038 387 4134 sepe
404 4060 603 4108 memoratus
620 4037 655 4106 &
672 4033 714 4106 de
731 4036 838 4107 sande
863 4036 973 4108 matris
990 4036 1130 4106 Domini

109 4131 287 4213 uoracidab
308 4168 430 4226 certam
452 4140 548 4213 nobis
570 4141 772 4236 relationem,
796 4167 896 4238 quarn
916 4142 950 4214 in
968 4141 1130 4216 Constan-

143 4301 164 4336 ι.
176 4289 214 4354 6.,
227 4292 306 4358 Gretfi
320 4293 381 4344 add.
396 4293 486 4345 iterum
499 4291 523 4344 in
536 4293 640 4344 domurn
655 4289 783 4360 regressus.
797 4319 831 4331 -
846 4295 869 4344 b.
884 4295 913 4346 R.
927 4293 1057 4362 imagynt.
