3354 5706
956 497 1151 551 ARCULFUS
1270 535 1274 546 .

852 972 1000 1065 LIBER
1031 970 1246 1064 PRIMUS.

983 1257 1134 1297 coortum.

650 1403 674 1470 I.
699 1405 748 1468 De
766 1401 827 1490 sttu
848 1398 1055 1488 Hierusalem:
1075 1415 1154 1485 porte
1177 1400 1309 1480 civitatis,
1334 1397 1564 1487 anniversarium

748 1505 896 1570 mercatus,
923 1491 996 1553 locus
1024 1490 1126 1575 templi,
1154 1489 1307 1553 oratorium
1336 1490 1566 1568 Sarracenorum,

750 1583 845 1643 domus
857 1603 965 1662 magne.

632 1667 674 1732 II.
698 1670 748 1733 De
765 1667 878 1754 ecclefia
896 1670 1012 1731 rotunde
1020 1666 1151 1753 sormule
1162 1665 1257 1755 super
1264 1663 1434 1753 sepulerum
1452 1669 1569 1732 Domini

749 1758 887 1821 dm.

615 1843 673 1908 III.
697 1846 747 1909 De
759 1756 844 1933 ipsius
850 1843 982 1933 sepulcri
986 1844 1089 1928 figura
1102 1846 1136 1906 ἔθ’
1151 1842 1207 1906 eius
1219 1842 1362 1926 tugurioli.

612 1931 669 2000 IV.
694 1936 743 1999 De
765 1933 827 2022 ipso
850 1935 954 2019 lapide,
978 1935 1026 2016 qui
1049 1935 1090 1997 ad
1111 1933 1207 2016 ostium
1231 1933 1397 1995 monumenti
1419 1933 1569 1997 aduolutus

751 2039 822 2104 erat,
837 2047 915 2107 quem
934 2021 1046 2106 angelus
1060 2020 1187 2100 Domini,
1204 2021 1237 2083 de
1251 2019 1305 2082 celo
1322 2017 1497 2106 descendens,
1511 2025 1569 2107 post

749 2111 977 2201 resurreetimem
992 2111 1047 2174 eius
1061 2109 1194 2190 revolvit,
1212 2111 1246 2171 de
1259 2110 1370 2191 tugurio
1383 2112 1417 2173 &
1425 2108 1569 2197 sepulcro.

630 2204 671 2268 V.
695 2204 745 2266 De
764 2200 875 2287 occlesta
889 2201 985 2264 Soneio
998 2198 1115 2278 Maria,
1134 2222 1185 2282 que
1199 2199 1316 2262 rotunde
1328 2197 1438 2260 eaberet
1455 2201 1568 2287 ecclesie.

616 2290 672 2357 Vl.
698 2293 746 2356 De
764 2292 818 2354 illa
833 2289 944 2376 eccleſsa
958 2314 1008 2373 que
1020 2289 1049 2351 in
1064 2287 1205 2352 Calvarie
1217 2288 1273 2350 loco
1286 2287 1444 2370 cmstrutta
1456 2289 1506 2368 est.

597 2379 670 2447 VII.
695 2383 743 2445 De
768 2379 903 2468 bastlica,
930 2401 1015 2460 quam
1040 2377 1234 2462 Constantinus
1258 2375 1383 2438 vicinam
1403 2375 1569 2462 supradiae

748 2467 854 2554 eccleſse
880 2469 909 2530 in
936 2491 965 2531 eo
982 2466 1155 2550 fabricavit
1179 2467 1245 2546 loco,
1273 2467 1321 2528 ubi
1347 2465 1430 2530 Crux
1452 2467 1569 2530 Domini

747 2557 838 2622 ruinis
849 2554 1004 2644 superata,
1019 2559 1081 2641 post
1098 2556 1188 2619 multo
1200 2553 1313 2642 stema,
1327 2555 1437 2640 refoffa
1451 2557 1565 2620 inventa

750 2648 790 2731 esi
801 2661 892 2710 terra.

582 2734 672 2803 VIII.
697 2736 747 2799 De
760 2737 816 2800 loco
830 2734 934 2799 altaris
947 2733 1112 2798 Abraham.

614 2823 671 2889 IX.
695 2825 762 2887 De¹¹
784 2823 889 2886 exedra
911 2823 991 2885 intra
1015 2822 1154 2910 ecclestam
1175 2822 1316 2887 Calvarie
1338 2825 1373 2887 Εἴ
1394 2821 1565 2908 Constantini

748 2912 893 3000 bastlicam
930 2928 982 2994 tta,
1007 2913 1036 2975 in
1061 2937 1118 2996 qua
1144 2911 1220 2975 calix
1243 2912 1362 2974 Domini
1388 2914 1422 2975 &
1443 2910 1564 2999 spongia

746 3003 887 3066 recondita
906 3002 1036 3082 habetur,
1054 3004 1088 3064 de
1107 3023 1164 3083 qua
1184 3003 1213 3063 in
1231 3000 1306 3084 ligno
1321 3002 1442 3085 pendens
1462 3015 1565 3066 aconem

741 3090 912 3180 suxerat&
927 3091 1034 3154 vinum.

629 3181 671 3245 X.
696 3182 745 3245 De
757 3182 857 3246 lancea
871 3180 973 3262 militis,
987 3203 1043 3263 qua
1056 3180 1131 3244 latus
1144 3179 1264 3243 Domini
1271 3177 1331 3267 ipse
1341 3179 1470 3264 pupugit.

615 3269 673 3334 XI.
696 3271 745 3334 De
748 3268 779 3357 s
773 3270 874 3334 udario
882 3270 940 3350 illo,
955 3294 1005 3354 quo
1016 3271 1134 3334 Domini
1146 3285 1233 3356 caput
1238 3268 1347 3358 sepulti
1359 3283 1508 3334 conionum
1522 3269 1565 3352 est.

598 3358 671 3424 XII.
695 3360 744 3422 De
767 3360 858 3441 linteo,
882 3361 962 3442 quod,
986 3373 1018 3422 ut
1030 3362 1147 3443 fertur,
1164 3358 1270 3448 saneta
1295 3362 1431 3424 contexuit
1456 3359 1564 3424 Mania

748 3473 840 3512 wo

583 3537 672 3603 XIII.
696 3539 746 3601 De
767 3473 828 3601 alia
845 3536 964 3626 summa
987 3538 1115 3602 columna
1135 3539 1164 3600 in
1183 3536 1232 3600 illo
1239 3537 1300 3624 fita
1321 3538 1387 3618 loeo,
1401 3539 1458 3618 ubi,
1480 3537 1564 3601 Cruce

748 3627 866 3689 Domini
883 3624 1068 3714 superposita,
1087 3641 1211 3692 mortuus
1229 3628 1338 3692 revixit
1347 3628 1470 3708 iuuenis,
1489 3630 1565 3693 &de

748 3716 834 3778 medio
846 3717 952 3780 mundi.

582 3801 671 3868 XIV.
696 3805 744 3867 De
762 3803 874 3890 ecclesta
888 3805 984 3868 Santte
997 3805 1105 3869 Mario
1122 3806 1151 3868 in
1166 3806 1245 3870 valle
1260 3803 1400 3893 Iosophat
1408 3807 1564 3890 fabricata,

744 3895 774 3955 in
788 3917 845 3977 qua
859 3909 1061 3958 monumentum
1075 3895 1130 3958 eius
1144 3895 1272 3958 habetur.

596 3983 671 4048 XV.
695 3985 744 4047 De
757 3997 839 4047 turre
853 3981 991 4070 Iosophat
1001 3983 1030 4046 in
1045 3985 1139 4046 eadem
1151 3984 1306 4066 constructa
1320 3983 1409 4047 valle.

581 4069 671 4137 XVI.
696 4072 745 4134 De
757 4071 934 4134 mmumentis
947 4070 1052 4134 Simeon
1065 4074 1099 4136 ὅ
1114 4069 1221 4157 Ioseph.

573 4267 794 4337 mmm&
