3390 5720
473 553 806 608 sanctuarium.
1108 553 1153 633 37

121 765 246 864 populi
262 761 421 836 credentis
447 765 482 834 in
504 765 690 836 Dominum
712 767 911 838 sacramenta
934 766 1154 863 premiserant.

126 869 272 972 Ingressa
286 878 402 944 sericio
420 871 503 944 vidit
519 870 644 960 urbem,
663 897 764 967 quam
775 873 925 944 fimdavit
938 873 1015 946 Hiel
1027 875 1061 945 in
1077 873 1154 946 nbi·
1183 891 1279 940 Iericho.

127 1009 212 1074 ram,
230 981 455 1080 primogenito
474 980 542 1072 suo,
566 983 601 1052 ἃ
618 982 707 1052 cuius
722 1006 836 1077 portas
851 982 961 1079 posuit
980 983 1013 1052 in
1035 981 1154 1080 Segub,

128 1085 304 1163 noviffimo
317 1085 469 1158 filiorum.
505 1087 620 1158 lntuita
634 1086 678 1157 est
696 1086 796 1158 castra
809 1088 944 1182 Galgule
956 1091 990 1158 ἃ
1004 1114 1155 1162 acervum
1185 1109 1283 1170 Gargara

128 1195 356 1294 preputiorum
365 1194 400 1262 a
410 1190 550 1262 secunde
560 1189 811 1263 circumcisionis
825 1194 1063 1285 mysterium&
1073 1194 1155 1266 duo·

129 1303 241 1375 decim
256 1298 390 1397 lapides,
405 1300 472 1394 qui,
488 1297 530 1370 de
548 1297 691 1372 lordanis
704 1298 781 1370 illuc
794 1297 935 1371 translati
949 1301 1055 1393 alveo,
1073 1299 1155 1373 duo·

129 1409 240 1482 decim
255 1405 481 1503 apostolorum
497 1404 712 1478 fimdamenta
728 1406 948 1499 firmaverunt,
969 1410 1005 1478 ἃ
1026 1409 1155 1480 sontem

131 1514 306 1613 quondam
322 1515 404 1614 legis
421 1513 651 1586 amarissrmum
668 1516 702 1584 δε
719 1513 868 1602 sterilem,
887 1513 988 1610 quem'
999 1542 1078 1587 vero
1090 1521 1156 1588 He·
1185 1527 1348 1579 torruerint.

129 1629 225 1722 ltjseus
241 1623 296 1693 sua
312 1621 462 1694 condivit
485 1621 693 1716 sapientia&
709 1621 742 1692 in
770 1617 939 1691 dulcorem
960 1618 1154 1695 ubertatem·

131 1758 197 1829 que
209 1728 379 1801 convertit.
403 1729 468 1798 Vix
481 1752 548 1798 nox
560 1721 733 1816 transierat,
747 1724 975 1797 ferventissimo
989 1727 1055 1798 estu
1067 1731 1157 1801 venit

128 1835 173 1908 ad
193 1840 362 1925 Iordanem,
382 1836 466 1908 stetit
489 1835 525 1905 in
547 1834 617 1929 ripa
644 1830 784 1902 fluminis
808 1835 853 1923 ἃ,
879 1857 953 1904 orto
979 1832 1057 1923 sole,
1081 1836 1155 1906 solis
1184 1861 1292 1910 tonans.

127 1943 244 2014 iustitie
261 1942 433 2016 recordata
451 1927 506 2030 est,
525 1937 698 2037 quomodo
716 1940 749 2009 in
768 1936 879 2009 medio
897 1938 1043 2011 lordanis
1059 1942 1155 2014 alveo

127 2045 212 2119 sicca
229 2048 409 2121 sacerdotes
427 2049 593 2147 posuerint
610 2046 743 2144 vestigia
759 2049 794 2116 δε
811 2044 854 2116 ad
871 2046 965 2118 Helie
983 2049 1018 2118 ἃ
1036 2049 1156 2120 Helisei

127 2155 315 2250 imperium,
329 2152 482 2226 stantibus
493 2179 532 2225 ex
544 2177 680 2247 utraque
692 2175 782 2247 parte
793 2152 898 2246 aquis,
914 2153 974 2225 iter
985 2153 1073 2227 unda
1083 2181 1155 2251 pre·

129 2257 236 2330 buerit
252 2259 459 2356 pollutasque
472 2258 595 2330 diluvio
610 2282 710 2353 aquas
721 2259 756 2326 ἅ
769 2258 867 2328 totius
882 2256 1016 2332 humani
1029 2261 1156 2358 generis

127 2366 359 2439 intersectione
383 2366 561 2438 maculatas
587 2365 644 2436 suo
664 2363 828 2434 Dominus
849 2364 1055 2439 mundaverit
1074 2365 1156 2464 bap·

126 2475 236 2545 rismo.
526 2505 528 2512 ⁸

176 2580 250 2652 XV.
276 2581 429 2678 Longum
446 2578 501 2670 est,
518 2577 539 2650 sr
559 2578 658 2652 velim
680 2575 722 2650 de
745 2581 827 2650 valle
853 2584 961 2650 escher
981 2576 1098 2672 dicere,
1121 2581 1156 2652 id
1185 2607 1355 2657 vaunnam.

125 2689 184 2778 est,
203 2687 359 2760 tumultus
376 2711 473 2783 atque
490 2685 668 2776 turbarum,
686 2685 719 2758 in
738 2711 804 2782 qua
826 2686 948 2758 furtum
969 2689 1003 2756 ἃ
1025 2689 1158 2760 avaritia

126 2793 352 2868 condemnata
370 2794 425 2885 est,
441 2796 477 2865 ἃ
495 2792 537 2866 de
554 2796 673 2881 sletsrel,
699 2790 804 2864 domo
823 2793 898 2885 Dei,
920 2793 954 2864 in
977 2818 1043 2888 qua
1063 2794 1158 2891 super
1187 2817 1274 2868 uenat.

126 2901 256 2974 nudam
274 2900 413 2972 humum
430 2899 536 2972 nudus
554 2905 729 2998 &pauper
746 2898 902 2972 dormivit
921 2897 1017 2971 Iacob
1034 2903 1079 2992 δι,
1097 2928 1158 3000 po-

126 3005 189 3080 srto
206 3005 314 3078 subter
332 3032 431 3104 caput
446 3005 568 3103 lapide,
586 3007 642 3101 qui
665 3007 700 3076 in
719 3005 882 3077 Zacharia
898 3006 1022 3102 septem
1043 3008 1158 3078 oculos

127 3113 249 3187 habere
266 3112 454 3187 describitur
469 3117 504 3184 δε
514 3115 550 3185 in
569 3113 645 3184 lsaia
658 3111 739 3208 lapis
755 3110 872 3183 dicitur
884 3113 1059 3211 angularis,
1077 3113 1159 3187 vidit

127 3222 251 3293 scalam
271 3219 431 3317 usquead
451 3219 558 3291 celum
577 3217 777 3310 tendentem,
796 3219 831 3288 in
849 3242 913 3312 qua
927 3219 1092 3292 Dominus
1103 3220 1158 3292 de·

124 3330 223 3425 super
244 3325 442 3400 innitebatur
455 3323 702 3397 ascendentibus
716 3325 886 3421 porrigens
903 3351 1039 3397 manum
1054 3330 1089 3397 ἅ
1103 3353 1159 3398 ne·

127 3434 338 3534 gligentesde
345 3432 471 3506 sublimi
482 3433 688 3530 precipitans.
702 3431 855 3528 Sepulcra
865 3435 1159 3528 quoqueinmonre

126 3543 284 3641 Ephraim
301 3541 379 3633 lesu,
391 3540 448 3611 filii
461 3541 565 3628 Nave,
577 3541 612 3610 ἃ
630 3538 778 3630 Eleuteti,
795 3537 852 3608 filii
865 3541 959 3609 Aron
973 3539 1160 3632 sacerdotis,

131 3649 299 3744 eregione
310 3647 527 3739 venerataest,
539 3671 681 3742 quorum
693 3645 772 3716 alter
786 3643 937 3715 condims
948 3647 1033 3716 estin
1049 3649 1159 3716 ‘sliam-
1178 3666 1365 3714 rhamnusia.

129 3757 270 3849 narlsarr
279 3780 300 3824 a
309 3753 554 3850 septentrionali
564 3777 655 3851 parte
667 3758 776 3824 montis
790 3756 885 3840 Gaas,
900 3752 982 3824 alter
994 3754 1028 3822 in
1043 3756 1158 3841 Gabar,
1188 3779 1258 3826 non·
1269 3777 1337 3826 cm.

128 3861 189 3933 filii
208 3861 254 3932 sui
268 3861 410 3952 Phinees,
421 3861 558 3957 satisque
571 3861 686 3932 ntitata
702 3859 757 3952 est,
776 3856 868 3954 quod
888 3856 1072 3930 distributor
1086 3861 1160 3956 pos·
1221 3841 1306 3890 ω’·

129 3967 305 4040 sessionum
319 3965 377 4039 srbi
394 3991 554 4040 montana
570 3967 733 4064 &aspera
752 3963 929 4063 delegisset.

177 4075 242 4148 XV
244 4080 264 4146 l.
293 4073 387 4172 Qud
403 4099 530 4146 narrem
547 4077 627 4161 Silo,
646 4073 680 4144 in
698 4097 763 4168 qua
774 4073 874 4144 altare
890 4071 1034 4144 dirutum
1046 4070 1160 4144 hodie·
1190 4099 1245 4148 stro.

128 4209 194 4278 que
212 4183 421 4273 monstratur,
436 4182 472 4251 ἃ
493 4205 623 4277 raptum
640 4177 832 4252 Sabinarum
856 4205 875 4250 a
896 4179 1038 4250 Romulo
1061 4177 1161 4250 tribus

128 4286 345 4360 beniamitica
356 4290 575 4385 precucurrit?
607 4283 764 4359 Tranfivit
780 4290 911 4374 Sr'cstem,
926 4309 1008 4377 non,
1021 4309 1056 4355 ut
1066 4285 1161 4381 pleri·
1190 4309 1290 4358 sichem.

135 4420 199 4492 que
211 4421 356 4468 errantes
364 4394 487 4493 legunt,
501 4394 621 4488 Sichar,
632 4419 696 4489 que
707 4417 794 4464 nunc
803 4391 958 4489 Neapolis
971 4392 1162 4490 appellatur,
