3354 5706
538 564 604 638 rqo
984 558 1180 613 Ancuurus

581 781 660 850 lrem
676 775 718 848 de
735 801 826 874 parte
844 779 959 876 Egypti
972 775 1221 851 adventantibus
1237 780 1272 848 δι
1285 774 1399 848 urbem
1413 777 1566 846 irruanti-

530 882 590 956 bus
603 883 868 978 Alexandrinam,
882 882 924 956 ab
937 885 1139 981 aquilonali*
1153 884 1251 956 latere
1270 883 1410 953 occurrit
1426 881 1566 980 grandis

529 990 680 1063 strudlure
705 989 849 1084 ecclelra,
875 994 909 1064 in
933 1019 997 1088 qua
1020 995 1162 1065 marcus
1186 991 1386 1090 Evangelista
1408 990 1566 1060 humams

529 1099 627 1170 iacet:
649 1098 739 1169 cuius
760 1098 942 1195 sepulcrum
966 1124 1041 1171 ante
1064 1100 1164 1170 altare
1186 1102 1219 1170 in
1245 1097 1394 1168 orientali
1415 1094 1566 1168 eiusdem

529 1200 755 1302 quadrangule
774 1204 852 1275 loco
870 1203 1011 1296 ecclesie,
1029 1208 1189 1278 memoria
1203 1202 1397 1302 superposita
1416 1227 1567 1274 marmo-

529 1312 589 1381 reis
604 1309 767 1407 lapidibus
780 1312 974 1400 construtla,
993 1313 1196 1384 monstratur.

579 1418 651 1488 l·lec
659 1419 770 1513 itaque
780 1416 821 1489 de
833 1418 1039 1510 Alexandria,
1050 1445 1114 1515 que
1125 1420 1315 1517 priusquam
1324 1413 1569 1488 abrllexandro
1670 1409 1671 1426 ¹

529 1525 654 1622 Magno
666 1525 700 1594 in
718 1526 820 1596 maius
833 1530 928 1597 audla
941 1523 1154 1617 edificaretur,
1168 1527 1233 1616 Νο,
1247 1527 1388 1621 utsupra
1404 1523 1570 1619 scriptum

529 1632 584 1721 est,
606 1629 821 1724 vocitabatur,
843 1634 905 1724 cui,
928 1657 964 1703 ut
985 1634 1126 1730 superius
1146 1632 1270 1704 diuum
1288 1631 1342 1722 eli,
1360 1629 1482 1700 ostium
1502 1631 1571 1701 Nili

528 1736 671 1808 fluminis
695 1739 864 1832 coherens,
893 1738 986 1836 quod
1009 1741 1209 1836 Canopeum
1231 1739 1432 1826 nominatur,
1455 1734 1572 1807 Aliam

528 1871 605 1916 cum
622 1846 748 1945 Egypto
766 1849 801 1917 ἃ
819 1846 953 1940 lybiam
970 1846 1179 1918 disterminat.
1194 1845 1252 1919 Ob
1267 1847 1356 1917 cuius
1369 1847 1483 1940 itaque
1503 1843 1572 1914 Nili

528 1949 671 2024 fluminis
699 1953 952 2027 inundationem
980 1954 1105 2052 Egyptij
1138 1954 1279 2026 excelsos
1310 1977 1448 2050 aggeres
1480 1951 1574 2020 cirta

529 2059 613 2154 ripas
638 2061 706 2130 eius
732 2061 931 2150 construunt,
962 2063 1017 2156 qui
1043 2058 1064 2132 fi
1090 2060 1262 2132 custodum
1290 2057 1494 2157 negligentia
1518 2055 1574 2127 vel

1669 1261 1671 1378 l

529 2165 629 2235 nimia
650 2192 809 2262 aquarum
823 2169 995 2264 eruptione
1008 2169 1094 2264 rupti
1111 2167 1239 2258 fuerint,
1259 2163 1457 2238 subiacentes
1475 2188 1573 2234 cam·
1670 2201 1671 2220 1

528 2297 590 2368 pos
609 2298 817 2369 nequaquam
830 2275 951 2372 rigant,
970 2273 1025 2345 sed
1039 2275 1279 2370 opprimunt&
1296 2267 1574 2367 depopulantur!

530 2375 588 2450 Ob
607 2404 706 2473 quarn
724 2382 854 2452 causam
871 2382 1014 2478 plurimi,
1032 2381 1088 2476 qui
1105 2381 1205 2477 plana
1221 2379 1336 2477 Egypti
1348 2377 1517 2466 incolunt,
1540 2401 1575 2446 ut

530 2486 655 2556 sandius
678 2487 773 2559 refert
794 2488 955 2580 Arculfirs,
981 2489 1047 2583 qui,
1065 2485 1208 2558 eundem
1225 2484 1360 2558 fluvium
1384 2483 1417 2553 in
1436 2483 1574 2581 egypto

530 2617 651 2684 means,
670 2594 744 2690 sepe
761 2596 894 2694 navigio
913 2595 1130 2684 transmeavit,
1146 2595 1181 2665 in
1200 2589 1367 2682 domibus,
1384 2587 1575 2662 tranl'verl'ts

530 2697 673 2771 trabibus
690 2699 832 2794 suffultis,
857 2727 957 2798 aquas
973 2703 1068 2798 supra
1084 2698 1277 2771 inhabitant.

498 2848 505 2860 ·
577 2806 751 2880 Crocodili
776 2833 811 2881 ut
833 2809 984 2880 Arculfus
1006 2807 1111 2895 refert,
1134 2807 1167 2876 in
1189 2805 1267 2877 Nilo
1290 2802 1390 2875 lluvio
1410 2805 1575 2898 aquatice

530 2940 789 3006 commorantur,
816 2913 1044 3014 quadrupedes
1071 2912 1169 2985 bestie
1191 2937 1261 2984 non
1288 2907 1440 3010 grandes,
1466 2909 1574 2980 valde

530 3023 659 3115 edaces,
676 3026 711 3094 ἃ
726 3024 761 3093 in
774 3047 902 3094 tanturn
914 3020 1032 3111 valide,
1050 3045 1085 3091 ut
1099 3046 1163 3091 una
1177 3045 1216 3090 ex
1233 3021 1289 3110 eis,
1308 3016 1424 3089 srforte
1438 3041 1574 3112 equum

530 3131 582 3203 vel
608 3127 730 3200 almum
752 3129 805 3201 vel
827 3127 949 3201 bovem
971 3130 1059 3200 iuxta
1081 3128 1188 3222 ripam
1203 3123 1346 3196 fluminis
1363 3121 1478 3195 herbas
1495 3149 1574 3196 car-

530 3261 665 3334 pentem
691 3238 836 3308 invenire
861 3237 1020 3331 potuerit,
1049 3230 1153 3304 subita
1184 3234 1363 3328 irruptione
1392 3256 1575 3327 emergens
1669 3243 1670 3324 J

530 3342 674 3431 invadat,
691 3342 744 3416 vel
761 3345 872 3433 etiam,
892 3341 1065 3412 animantis
1087 3365 1192 3411 unum
1212 3336 1334 3437 pedem
1356 3334 1574 3410 mordens&
1669 3373 1670 3378 ’

531 3448 588 3521 lub
605 3475 706 3545 aquas
724 3450 864 3538 trahens,
878 3450 1007 3546 penitus
1021 3471 1129 3518 totum
1146 3445 1282 3517 devoret
1299 3443 1428 3516 animal.

565 3733 589 3767 a.
604 3713 642 3767 At.
656 3715 679 3766 δι
692 3713 840 3784 propinquo.
856 3745 889 3754 -
904 3716 928 3766 b.
947 3714 985 3767 Sit
997 3732 1052 3784 rgo,
1065 3713 1099 3766 al.
1114 3713 1272 3784 populantur.
