<?xml version="1.0" encoding="UTF-8"?>
<!DOCTYPE html PUBLIC "-//W3C//DTD XHTML 1.0 Transitional//EN"
    "http://www.w3.org/TR/xhtml1/DTD/xhtml1-transitional.dtd">
<html xmlns="http://www.w3.org/1999/xhtml" xml:lang="en" lang="en">
 <head>
  <title>
</title>
<meta http-equiv="Content-Type" content="text/html;charset=utf-8" />
  <meta name='ocr-system' content='tesseract 3.04.00' />
  <meta name='ocr-capabilities' content='ocr_page ocr_carea ocr_par ocr_line ocrx_word'/>
</head>
<body>
  <div class='ocr_page' id='page_1' title='image "./itinerahierosol00berngoog_0103.png"; bbox 0 0 3390 5720; ppageno 0'>
   <div class='ocr_carea' id='block_1_1' title="bbox 513 516 1169 611">
    <p class='ocr_par' dir='ltr' id='par_1_1' title="bbox 513 516 1169 611">
     <span class='ocr_line' id='line_1_1' title="bbox 513 516 1169 611; baseline -0.008 -23"><span class='ocrx_word' id='word_1_1' title='bbox 513 516 559 611; x_wconf 88' lang='lat'>38</span> <span class='ocrx_word' id='word_1_2' title='bbox 875 531 1169 586; x_wconf 74' lang='lat' dir='ltr'>ranaonruamo</span> 
     </span>
    </p>
   </div>
   <div class='ocr_carea' id='block_1_2' title="bbox 315 747 1553 4261">
    <p class='ocr_par' dir='ltr' id='par_1_2' title="bbox 315 747 1551 2984">
     <span class='ocr_line' id='line_1_2' title="bbox 315 747 1544 844; baseline -0.002 -21"><span class='ocrx_word' id='word_1_3' title='bbox 315 763 500 813; x_wconf 64' lang='lat' dir='ltr'>Messeniam.</span> <span class='ocrx_word' id='word_1_4' title='bbox 514 752 549 822; x_wconf 73' lang='grc' dir='ltr'>δε</span> <span class='ocrx_word' id='word_1_5' title='bbox 566 774 605 820; x_wconf 81' lang='lat' dir='ltr'>ex</span> <span class='ocrx_word' id='word_1_6' title='bbox 623 748 721 820; x_wconf 88' lang='lat' dir='ltr'>latete</span> <span class='ocrx_word' id='word_1_7' title='bbox 735 755 845 819; x_wconf 85' lang='lat' dir='ltr'>montis</span> <span class='ocrx_word' id='word_1_8' title='bbox 865 753 1001 844; x_wconf 74' lang='lat' dir='ltr'>Garip‘m</span> <span class='ocrx_word' id='word_1_9' title='bbox 1018 747 1209 820; x_wconf 75' lang='lat' dir='ltr'>exstruslam</span> <span class='ocrx_word' id='word_1_10' title='bbox 1223 750 1308 820; x_wconf 88' lang='lat' dir='ltr'>circa</span> <span class='ocrx_word' id='word_1_11' title='bbox 1316 776 1439 844; x_wconf 82' lang='lat' dir='ltr'>pureum</span> <span class='ocrx_word' id='word_1_12' title='bbox 1453 755 1544 822; x_wconf 79' lang='lat' dir='ltr'>lacos</span> 
     </span>
     <span class='ocr_line' id='line_1_3' title="bbox 324 826 1545 952; baseline -0.003 -23"><span class='ocrx_word' id='word_1_13' title='bbox 324 829 407 876; x_wconf 50' lang='grc' dir='ltr'><strong>Μ</strong></span> <span class='ocrx_word' id='word_1_14' title='bbox 418 826 493 874; x_wconf 62' lang='lat' dir='ltr'>¹⁸⁶⁰b&#39;</span> <span class='ocrx_word' id='word_1_15' title='bbox 512 856 642 929; x_wconf 88' lang='lat' dir='ltr'>intravit</span> <span class='ocrx_word' id='word_1_16' title='bbox 651 851 835 927; x_wconf 76' lang='lat' dir='ltr'>ecclesiam:</span> <span class='ocrx_word' id='word_1_17' title='bbox 853 855 947 952; x_wconf 89' lang='lat' dir='ltr'>super</span> <span class='ocrx_word' id='word_1_18' title='bbox 956 879 1023 951; x_wconf 92' lang='lat' dir='ltr'>quo</span> <span class='ocrx_word' id='word_1_19' title='bbox 1034 852 1173 926; x_wconf 77' lang='lat' dir='ltr'>residens</span> <span class='ocrx_word' id='word_1_20' title='bbox 1186 855 1361 944; x_wconf 80' lang='lat' dir='ltr'>Dominus,</span> <span class='ocrx_word' id='word_1_21' title='bbox 1375 851 1545 951; x_wconf 81' lang='lat' dir='ltr'>sitiensque</span> 
     </span>
     <span class='ocr_line' id='line_1_4' title="bbox 514 960 1544 1060; baseline -0.006 -24"><span class='ocrx_word' id='word_1_22' title='bbox 514 967 548 1036; x_wconf 92' lang='lat'><strong>&amp;</strong></span> <span class='ocrx_word' id='word_1_23' title='bbox 560 963 709 1050; x_wconf 90' lang='lat' dir='ltr'>esuriens,</span> <span class='ocrx_word' id='word_1_24' title='bbox 723 961 923 1033; x_wconf 87' lang='lat' dir='ltr'>Samaritane</span> <span class='ocrx_word' id='word_1_25' title='bbox 935 960 1000 1034; x_wconf 87' lang='lat' dir='ltr'>fide</span> <span class='ocrx_word' id='word_1_26' title='bbox 1014 963 1142 1034; x_wconf 87' lang='lat' dir='ltr'>satiatus</span> <span class='ocrx_word' id='word_1_27' title='bbox 1157 963 1212 1052; x_wconf 89' lang='lat' dir='ltr'>est,</span> <span class='ocrx_word' id='word_1_28' title='bbox 1226 989 1300 1060; x_wconf 91' lang='lat' dir='ltr'>que,</span> <span class='ocrx_word' id='word_1_29' title='bbox 1310 963 1456 1059; x_wconf 92' lang='lat' dir='ltr'>quinque</span> <span class='ocrx_word' id='word_1_30' title='bbox 1470 987 1544 1030; x_wconf 92' lang='lat' dir='ltr'>mo-</span> 
     </span>
     <span class='ocr_line' id='line_1_5' title="bbox 514 1065 1545 1164; baseline -0.004 -24"><span class='ocrx_word' id='word_1_31' title='bbox 514 1071 674 1140; x_wconf 89' lang='lat' dir='ltr'>saicorum</span> <span class='ocrx_word' id='word_1_32' title='bbox 688 1067 895 1140; x_wconf 88' lang='lat' dir='ltr'>voluminum</span> <span class='ocrx_word' id='word_1_33' title='bbox 907 1071 982 1141; x_wconf 88' lang='lat' dir='ltr'>viris</span> <span class='ocrx_word' id='word_1_34' title='bbox 1001 1069 1167 1164; x_wconf 85' lang='lat' dir='ltr'>sextoque,</span> <span class='ocrx_word' id='word_1_35' title='bbox 1186 1094 1285 1164; x_wconf 90' lang='lat' dir='ltr'>quern</span> <span class='ocrx_word' id='word_1_36' title='bbox 1298 1069 1330 1140; x_wconf 91' lang='lat' dir='ltr'>se</span> <span class='ocrx_word' id='word_1_37' title='bbox 1346 1065 1466 1138; x_wconf 88' lang='lat' dir='ltr'>babere</span> <span class='ocrx_word' id='word_1_38' title='bbox 1479 1068 1545 1136; x_wconf 89' lang='lat' dir='ltr'>iac-</span> 
     </span>
     <span class='ocr_line' id='line_1_6' title="bbox 515 1172 1545 1267; baseline -0.003 -21"><span class='ocrx_word' id='word_1_39' title='bbox 515 1175 614 1267; x_wconf 89' lang='lat' dir='ltr'>tabat,</span> <span class='ocrx_word' id='word_1_40' title='bbox 627 1199 735 1246; x_wconf 89' lang='lat' dir='ltr'>errore</span> <span class='ocrx_word' id='word_1_41' title='bbox 749 1172 894 1245; x_wconf 86' lang='lat' dir='ltr'>Dofithei</span> <span class='ocrx_word' id='word_1_42' title='bbox 913 1172 1080 1266; x_wconf 70' lang='lat' dir='ltr'>derelislo,</span> <span class='ocrx_word' id='word_1_43' title='bbox 1093 1202 1209 1248; x_wconf 91' lang='lat' dir='ltr'>verum</span> <span class='ocrx_word' id='word_1_44' title='bbox 1222 1176 1370 1246; x_wconf 80' lang='lat' dir='ltr'>messiam</span> <span class='ocrx_word' id='word_1_45' title='bbox 1383 1176 1418 1245; x_wconf 77' lang='grc' dir='ltr'><strong>ἃ</strong></span> <span class='ocrx_word' id='word_1_46' title='bbox 1431 1199 1545 1245; x_wconf 85' lang='lat' dir='ltr'>verum</span> 
     </span>
     <span class='ocr_line' id='line_1_7' title="bbox 514 1278 1545 1379; baseline -0.003 -27"><span class='ocrx_word' id='word_1_47' title='bbox 514 1284 631 1379; x_wconf 89' lang='lat' dir='ltr'>reperit</span> <span class='ocrx_word' id='word_1_48' title='bbox 646 1281 847 1353; x_wconf 87' lang='lat' dir='ltr'>salvatorem.</span> <span class='ocrx_word' id='word_1_49' title='bbox 871 1283 980 1377; x_wconf 79' lang='lat' dir='ltr'>Atque</span> <span class='ocrx_word' id='word_1_50' title='bbox 992 1281 1072 1353; x_wconf 89' lang='lat' dir='ltr'>inde</span> <span class='ocrx_word' id='word_1_51' title='bbox 1089 1279 1251 1355; x_wconf 87' lang='lat' dir='ltr'>divertens</span> <span class='ocrx_word' id='word_1_52' title='bbox 1267 1278 1349 1355; x_wconf 88' lang='lat' dir='ltr'>vidit</span> <span class='ocrx_word' id='word_1_53' title='bbox 1365 1279 1545 1352; x_wconf 87' lang='lat' dir='ltr'>duodecim</span> 
     </span>
     <span class='ocr_line' id='line_1_8' title="bbox 514 1386 1546 1488; baseline -0.004 -27"><span class='ocrx_word' id='word_1_54' title='bbox 514 1389 771 1488; x_wconf 88' lang='lat' dir='ltr'>patriarcharum</span> <span class='ocrx_word' id='word_1_55' title='bbox 786 1387 930 1484; x_wconf 88' lang='lat' dir='ltr'>sepulcra</span> <span class='ocrx_word' id='word_1_56' title='bbox 941 1393 976 1460; x_wconf 73' lang='grc' dir='ltr'>δι</span> <span class='ocrx_word' id='word_1_57' title='bbox 988 1386 1161 1478; x_wconf 89' lang='lat' dir='ltr'>Sebastem,</span> <span class='ocrx_word' id='word_1_58' title='bbox 1170 1386 1205 1459; x_wconf 92' lang='lat' dir='ltr'>id</span> <span class='ocrx_word' id='word_1_59' title='bbox 1219 1389 1273 1478; x_wconf 86' lang='lat' dir='ltr'>est,</span> <span class='ocrx_word' id='word_1_60' title='bbox 1286 1391 1469 1474; x_wconf 85' lang='lat' dir='ltr'>Samariam,</span> <span class='ocrx_word' id='word_1_61' title='bbox 1481 1411 1546 1480; x_wconf 91' lang='lat' dir='ltr'>que</span> 
     </span>
     <span class='ocr_line' id='line_1_9' title="bbox 515 1492 1547 1593; baseline -0.003 -27"><span class='ocrx_word' id='word_1_62' title='bbox 515 1499 547 1567; x_wconf 93' lang='lat' dir='ltr'>in</span> <span class='ocrx_word' id='word_1_63' title='bbox 565 1495 730 1568; x_wconf 85' lang='lat' dir='ltr'>honorem</span> <span class='ocrx_word' id='word_1_64' title='bbox 747 1496 882 1593; x_wconf 80' lang='lat' dir='ltr'>Augusti</span> <span class='ocrx_word' id='word_1_65' title='bbox 898 1492 939 1566; x_wconf 90' lang='lat' dir='ltr'>ab</span> <span class='ocrx_word' id='word_1_66' title='bbox 956 1494 1093 1566; x_wconf 88' lang='lat' dir='ltr'>Herode</span> <span class='ocrx_word' id='word_1_67' title='bbox 1116 1521 1217 1593; x_wconf 84' lang='lat' dir='ltr'>greco</span> <span class='ocrx_word' id='word_1_68' title='bbox 1234 1495 1383 1565; x_wconf 88' lang='lat' dir='ltr'>sermone</span> <span class='ocrx_word' id='word_1_69' title='bbox 1400 1495 1547 1592; x_wconf 83' lang='lat' dir='ltr'>Augusta</span> 
     </span>
     <span class='ocr_line' id='line_1_10' title="bbox 515 1598 1547 1697; baseline -0.004 -22"><span class='ocrx_word' id='word_1_70' title='bbox 515 1604 559 1675; x_wconf 90' lang='lat' dir='ltr'>esl</span> <span class='ocrx_word' id='word_1_71' title='bbox 576 1603 756 1674; x_wconf 89' lang='lat' dir='ltr'>nominata.</span> <span class='ocrx_word' id='word_1_72' title='bbox 797 1598 842 1671; x_wconf 93' lang='lat' dir='ltr'>lbi</span> <span class='ocrx_word' id='word_1_73' title='bbox 863 1599 910 1672; x_wconf 87' lang='lat' dir='ltr'>stti</span> <span class='ocrx_word' id='word_1_74' title='bbox 934 1602 1006 1672; x_wconf 89' lang='lat' dir='ltr'>sunt</span> <span class='ocrx_word' id='word_1_75' title='bbox 1025 1601 1222 1672; x_wconf 85' lang='lat' dir='ltr'>Heliseus&amp;</span> <span class='ocrx_word' id='word_1_76' title='bbox 1241 1598 1365 1673; x_wconf 83' lang='lat' dir='ltr'>Abdias</span> <span class='ocrx_word' id='word_1_77' title='bbox 1383 1601 1547 1697; x_wconf 87' lang='lat' dir='ltr'><strong>prophete</strong></span> 
     </span>
     <span class='ocr_line' id='line_1_11' title="bbox 514 1707 1546 1805; baseline -0.004 -23"><span class='ocrx_word' id='word_1_78' title='bbox 514 1714 559 1801; x_wconf 88' lang='lat'>&amp;,</span> <span class='ocrx_word' id='word_1_79' title='bbox 578 1734 645 1805; x_wconf 91' lang='lat' dir='ltr'>quo</span> <span class='ocrx_word' id='word_1_80' title='bbox 662 1709 768 1778; x_wconf 88' lang='lat' dir='ltr'>maior</span> <span class='ocrx_word' id='word_1_81' title='bbox 779 1709 863 1780; x_wconf 89' lang='lat' dir='ltr'>inter</span> <span class='ocrx_word' id='word_1_82' title='bbox 880 1731 976 1780; x_wconf 87' lang='lat' dir='ltr'>natos</span> <span class='ocrx_word' id='word_1_83' title='bbox 1002 1708 1175 1780; x_wconf 82' lang='lat' dir='ltr'>mulierum</span> <span class='ocrx_word' id='word_1_84' title='bbox 1199 1733 1269 1780; x_wconf 93' lang='lat' dir='ltr'>non</span> <span class='ocrx_word' id='word_1_85' title='bbox 1288 1709 1359 1800; x_wconf 83' lang='lat' dir='ltr'>sirit,</span> <span class='ocrx_word' id='word_1_86' title='bbox 1385 1707 1546 1778; x_wconf 88' lang='lat' dir='ltr'>lohannes</span> 
     </span>
     <span class='ocr_line' id='line_1_12' title="bbox 515 1812 1548 1913; baseline -0.006 -25"><span class='ocrx_word' id='word_1_87' title='bbox 515 1816 672 1913; x_wconf 81' lang='lat' dir='ltr'>baptista:</span> <span class='ocrx_word' id='word_1_88' title='bbox 699 1812 753 1886; x_wconf 92' lang='lat' dir='ltr'>ubi</span> <span class='ocrx_word' id='word_1_89' title='bbox 769 1813 877 1884; x_wconf 89' lang='lat' dir='ltr'>multis</span> <span class='ocrx_word' id='word_1_90' title='bbox 893 1815 1060 1886; x_wconf 88' lang='lat' dir='ltr'>intremuit</span> <span class='ocrx_word' id='word_1_91' title='bbox 1078 1812 1296 1906; x_wconf 81' lang='lat' dir='ltr'>mirabilibus3</span> <span class='ocrx_word' id='word_1_92' title='bbox 1316 1840 1461 1910; x_wconf 87' lang='lat' dir='ltr'>namque</span> <span class='ocrx_word' id='word_1_93' title='bbox 1478 1839 1548 1884; x_wconf 88' lang='lat' dir='ltr'>cer-</span> 
     </span>
     <span class='ocr_line' id='line_1_13' title="bbox 517 1918 1548 2020; baseline -0.005 -25"><span class='ocrx_word' id='word_1_94' title='bbox 517 1921 615 1995; x_wconf 84' lang='lat' dir='ltr'>nebat</span> <span class='ocrx_word' id='word_1_95' title='bbox 630 1923 723 1994; x_wconf 89' lang='lat' dir='ltr'>variis</span> <span class='ocrx_word' id='word_1_96' title='bbox 740 1918 900 1992; x_wconf 83' lang='lat' dir='ltr'>demones</span> <span class='ocrx_word' id='word_1_97' title='bbox 917 1922 1024 2020; x_wconf 85' lang='lat' dir='ltr'>rugire</span> <span class='ocrx_word' id='word_1_98' title='bbox 1040 1919 1233 1994; x_wconf 90' lang='lat' dir='ltr'>cruciatibus</span> <span class='ocrx_word' id='word_1_99' title='bbox 1256 1926 1291 1994; x_wconf 93' lang='lat'><strong>&amp;</strong></span> <span class='ocrx_word' id='word_1_100' title='bbox 1308 1946 1384 1993; x_wconf 91' lang='lat' dir='ltr'>ante</span> <span class='ocrx_word' id='word_1_101' title='bbox 1402 1921 1548 2018; x_wconf 89' lang='lat' dir='ltr'>sepulcra</span> 
     </span>
     <span class='ocr_line' id='line_1_14' title="bbox 516 2025 1549 2124; baseline -0.004 -23"><span class='ocrx_word' id='word_1_102' title='bbox 516 2031 701 2101; x_wconf 76' lang='lat' dir='ltr'>sanslorum</span> <span class='ocrx_word' id='word_1_103' title='bbox 722 2028 844 2099; x_wconf 90' lang='lat' dir='ltr'>ululare</span> <span class='ocrx_word' id='word_1_104' title='bbox 868 2028 1019 2100; x_wconf 88' lang='lat' dir='ltr'>homines</span> <span class='ocrx_word' id='word_1_105' title='bbox 1042 2054 1136 2100; x_wconf 88' lang='lat' dir='ltr'>more</span> <span class='ocrx_word' id='word_1_106' title='bbox 1156 2028 1323 2124; x_wconf 88' lang='lat' dir='ltr'>luporum,</span> <span class='ocrx_word' id='word_1_107' title='bbox 1345 2025 1480 2099; x_wconf 88' lang='lat' dir='ltr'>vocibus</span> <span class='ocrx_word' id='word_1_108' title='bbox 1501 2027 1549 2097; x_wconf 92' lang='lat' dir='ltr'>la-</span> 
     </span>
     <span class='ocr_line' id='line_1_15' title="bbox 517 2134 1549 2233; baseline -0.003 -26"><span class='ocrx_word' id='word_1_109' title='bbox 517 2160 598 2207; x_wconf 89' lang='lat' dir='ltr'>trare</span> <span class='ocrx_word' id='word_1_110' title='bbox 611 2160 741 2223; x_wconf 90' lang='lat' dir='ltr'>canum,</span> <span class='ocrx_word' id='word_1_111' title='bbox 755 2135 893 2206; x_wconf 88' lang='lat' dir='ltr'>fremere</span> <span class='ocrx_word' id='word_1_112' title='bbox 909 2135 1056 2228; x_wconf 86' lang='lat' dir='ltr'>leonum,</span> <span class='ocrx_word' id='word_1_113' title='bbox 1068 2134 1191 2207; x_wconf 79' lang='lat' dir='ltr'>fibilare</span> <span class='ocrx_word' id='word_1_114' title='bbox 1204 2136 1400 2233; x_wconf 82' lang='lat' dir='ltr'>serpentum,</span> <span class='ocrx_word' id='word_1_115' title='bbox 1418 2137 1549 2232; x_wconf 85' lang='lat' dir='ltr'>mugire</span> 
     </span>
     <span class='ocr_line' id='line_1_16' title="bbox 517 2242 1548 2340; baseline -0.001 -28"><span class='ocrx_word' id='word_1_116' title='bbox 517 2267 695 2335; x_wconf 86' lang='lat' dir='ltr'>taurorum,</span> <span class='ocrx_word' id='word_1_117' title='bbox 713 2243 792 2314; x_wconf 85' lang='lat' dir='ltr'>alios</span> <span class='ocrx_word' id='word_1_118' title='bbox 809 2267 916 2314; x_wconf 90' lang='lat' dir='ltr'>rotate</span> <span class='ocrx_word' id='word_1_119' title='bbox 934 2265 1034 2339; x_wconf 84' lang='lat' dir='ltr'>caput</span> <span class='ocrx_word' id='word_1_120' title='bbox 1050 2245 1084 2314; x_wconf 72' lang='grc' dir='ltr'>ὅ(</span> <span class='ocrx_word' id='word_1_121' title='bbox 1100 2242 1175 2340; x_wconf 88' lang='lat' dir='ltr'>post</span> <span class='ocrx_word' id='word_1_122' title='bbox 1191 2267 1321 2340; x_wconf 86' lang='lat' dir='ltr'>tergum</span> <span class='ocrx_word' id='word_1_123' title='bbox 1338 2264 1457 2312; x_wconf 88' lang='lat' dir='ltr'>terram</span> <span class='ocrx_word' id='word_1_124' title='bbox 1474 2266 1548 2312; x_wconf 90' lang='lat' dir='ltr'>ver·</span> 
     </span>
     <span class='ocr_line' id='line_1_17' title="bbox 518 2345 1547 2449; baseline -0.002 -29"><span class='ocrx_word' id='word_1_125' title='bbox 518 2351 581 2421; x_wconf 89' lang='lat' dir='ltr'>tice</span> <span class='ocrx_word' id='word_1_126' title='bbox 596 2373 729 2449; x_wconf 88' lang='lat' dir='ltr'>tangere</span> <span class='ocrx_word' id='word_1_127' title='bbox 745 2347 962 2448; x_wconf 89' lang='lat' dir='ltr'>suspensisque</span> <span class='ocrx_word' id='word_1_128' title='bbox 978 2348 1064 2446; x_wconf 93' lang='lat' dir='ltr'>pede</span> <span class='ocrx_word' id='word_1_129' title='bbox 1086 2350 1213 2422; x_wconf 90' lang='lat' dir='ltr'>seminis</span> <span class='ocrx_word' id='word_1_130' title='bbox 1232 2349 1332 2440; x_wconf 89' lang='lat' dir='ltr'>vestes</span> <span class='ocrx_word' id='word_1_131' title='bbox 1353 2345 1494 2419; x_wconf 89' lang='lat' dir='ltr'>defluere</span> <span class='ocrx_word' id='word_1_132' title='bbox 1510 2350 1547 2418; x_wconf 94' lang='lat' dir='ltr'>in</span> 
     </span>
     <span class='ocr_line' id='line_1_18' title="bbox 520 2454 1551 2556; baseline -0.001 -30"><span class='ocrx_word' id='word_1_133' title='bbox 520 2457 646 2529; x_wconf 81' lang='lat' dir='ltr'>faciem.</span> <span class='ocrx_word' id='word_1_134' title='bbox 665 2455 872 2529; x_wconf 87' lang='lat' dir='ltr'>Miserebatur</span> <span class='ocrx_word' id='word_1_135' title='bbox 893 2460 1045 2529; x_wconf 90' lang='lat' dir='ltr'>omnium</span> <span class='ocrx_word' id='word_1_136' title='bbox 1063 2460 1108 2550; x_wconf 75' lang='grc' dir='ltr'>ἃ,</span> <span class='ocrx_word' id='word_1_137' title='bbox 1130 2456 1259 2556; x_wconf 77' lang='lat' dir='ltr'>singulis</span> <span class='ocrx_word' id='word_1_138' title='bbox 1276 2454 1379 2528; x_wconf 86' lang='lat' dir='ltr'>essusrs</span> <span class='ocrx_word' id='word_1_139' title='bbox 1396 2455 1551 2546; x_wconf 80' lang='lat' dir='ltr'>lacrimis,</span> 
     </span>
     <span class='ocr_line' id='line_1_19' title="bbox 521 2561 1550 2661; baseline -0.005 -25"><span class='ocrx_word' id='word_1_140' title='bbox 521 2563 639 2636; x_wconf 88' lang='lat' dir='ltr'>Christi</span> <span class='ocrx_word' id='word_1_141' title='bbox 656 2563 862 2636; x_wconf 87' lang='lat' dir='ltr'>clementiam</span> <span class='ocrx_word' id='word_1_142' title='bbox 887 2562 1130 2661; x_wconf 84' lang='lat' dir='ltr'>deprecabatur.</span> <span class='ocrx_word' id='word_1_143' title='bbox 1162 2566 1197 2636; x_wconf 80' lang='lat' dir='ltr'>Et</span> <span class='ocrx_word' id='word_1_144' title='bbox 1213 2562 1290 2635; x_wconf 91' lang='lat' dir='ltr'>srcut</span> <span class='ocrx_word' id='word_1_145' title='bbox 1308 2587 1376 2636; x_wconf 89' lang='lat' dir='ltr'>erat</span> <span class='ocrx_word' id='word_1_146' title='bbox 1392 2561 1550 2651; x_wconf 89' lang='lat' dir='ltr'>invalida,</span> 
     </span>
     <span class='ocr_line' id='line_1_20' title="bbox 521 2668 1551 2769; baseline -0.005 -25"><span class='ocrx_word' id='word_1_147' title='bbox 521 2670 665 2744; x_wconf 89' lang='lat' dir='ltr'>ascendit</span> <span class='ocrx_word' id='word_1_148' title='bbox 680 2670 818 2769; x_wconf 90' lang='lat' dir='ltr'>pedibus</span> <span class='ocrx_word' id='word_1_149' title='bbox 834 2696 995 2760; x_wconf 85' lang='lat' dir='ltr'>montem,</span> <span class='ocrx_word' id='word_1_150' title='bbox 1005 2674 1038 2742; x_wconf 93' lang='lat' dir='ltr'>in</span> <span class='ocrx_word' id='word_1_151' title='bbox 1052 2673 1140 2742; x_wconf 85' lang='lat' dir='ltr'>cuius</span> <span class='ocrx_word' id='word_1_152' title='bbox 1154 2668 1278 2742; x_wconf 89' lang='lat' dir='ltr'>duabus</span> <span class='ocrx_word' id='word_1_153' title='bbox 1293 2671 1464 2767; x_wconf 86' lang='lat' dir='ltr'>speluncis,</span> <span class='ocrx_word' id='word_1_154' title='bbox 1477 2694 1551 2765; x_wconf 88' lang='lat' dir='ltr'>per-</span> 
     </span>
     <span class='ocr_line' id='line_1_21' title="bbox 521 2776 1551 2876; baseline -0.005 -26"><span class='ocrx_word' id='word_1_155' title='bbox 521 2779 692 2851; x_wconf 88' lang='lat' dir='ltr'>secutionis</span> <span class='ocrx_word' id='word_1_156' title='bbox 717 2781 752 2849; x_wconf 78' lang='lat' dir='ltr'>dc</span> <span class='ocrx_word' id='word_1_157' title='bbox 772 2779 866 2850; x_wconf 91' lang='lat' dir='ltr'>famis</span> <span class='ocrx_word' id='word_1_158' title='bbox 891 2803 1050 2876; x_wconf 87' lang='lat' dir='ltr'>tempore,</span> <span class='ocrx_word' id='word_1_159' title='bbox 1078 2776 1202 2851; x_wconf 70' lang='lat' dir='ltr'>abdias</span> <span class='ocrx_word' id='word_1_160' title='bbox 1228 2780 1389 2875; x_wconf 87' lang='lat' dir='ltr'>propheta</span> <span class='ocrx_word' id='word_1_161' title='bbox 1416 2800 1551 2847; x_wconf 89' lang='lat' dir='ltr'>centum</span> 
     </span>
     <span class='ocr_line' id='line_1_22' title="bbox 520 2885 1057 2984; baseline 0.006 -28"><span class='ocrx_word' id='word_1_162' title='bbox 520 2887 698 2984; x_wconf 90' lang='lat' dir='ltr'>prophetas</span> <span class='ocrx_word' id='word_1_163' title='bbox 716 2885 795 2956; x_wconf 87' lang='lat' dir='ltr'>aluit</span> <span class='ocrx_word' id='word_1_164' title='bbox 809 2889 945 2982; x_wconf 88' lang='lat' dir='ltr'>pane&amp;</span> <span class='ocrx_word' id='word_1_165' title='bbox 961 2910 1057 2981; x_wconf 90' lang='lat' dir='ltr'>aqua.</span> 
     </span>
    </p>

    <p class='ocr_par' dir='ltr' id='par_1_3' title="bbox 315 2991 1553 4157">
     <span class='ocr_line' id='line_1_23' title="bbox 362 2991 1552 3090; baseline -0.003 -25"><span class='ocrx_word' id='word_1_166' title='bbox 362 3013 481 3065; x_wconf 71' lang='lat' dir='ltr'>romeu.</span> <span class='ocrx_word' id='word_1_167' title='bbox 569 2995 665 3066; x_wconf 93' lang='lat' dir='ltr'>XVll.</span> <span class='ocrx_word' id='word_1_168' title='bbox 684 2991 837 3064; x_wconf 90' lang='lat' dir='ltr'>lndecito</span> <span class='ocrx_word' id='word_1_169' title='bbox 850 2995 964 3065; x_wconf 90' lang='lat' dir='ltr'>itinere</span> <span class='ocrx_word' id='word_1_170' title='bbox 981 2993 1139 3090; x_wconf 88' lang='lat' dir='ltr'>percurrit</span> <span class='ocrx_word' id='word_1_171' title='bbox 1153 2998 1339 3088; x_wconf 58' lang='lat' dir='ltr'>Quaeram,</span> <span class='ocrx_word' id='word_1_172' title='bbox 1358 2991 1552 3064; x_wconf 84' lang='lat' dir='ltr'>nutriculam</span> 
     </span>
     <span class='ocr_line' id='line_1_24' title="bbox 315 3096 1551 3198; baseline 0 -31"><span class='ocrx_word' id='word_1_173' title='bbox 315 3103 496 3167; x_wconf 65' lang='lat' dir='ltr'>canacaphar-</span> <span class='ocrx_word' id='word_1_174' title='bbox 521 3103 671 3193; x_wconf 86' lang='lat' dir='ltr'>Domini,</span> <span class='ocrx_word' id='word_1_175' title='bbox 689 3100 820 3171; x_wconf 68' lang='lat' dir='ltr'>Carta&amp;</span> <span class='ocrx_word' id='word_1_176' title='bbox 846 3104 1068 3196; x_wconf 76' lang='lat' dir='ltr'>capharnaum,</span> <span class='ocrx_word' id='word_1_177' title='bbox 1087 3096 1253 3198; x_wconf 86' lang='lat' dir='ltr'>fignorum</span> <span class='ocrx_word' id='word_1_178' title='bbox 1278 3101 1345 3172; x_wconf 90' lang='lat' dir='ltr'>eius</span> <span class='ocrx_word' id='word_1_179' title='bbox 1366 3098 1551 3188; x_wconf 71' lang='lat' dir='ltr'>familiareS,</span> 
     </span>
     <span class='ocr_line' id='line_1_25' title="bbox 316 3183 1552 3305; baseline -0.008 -24"><span class='ocrx_word' id='word_1_180' title='bbox 316 3183 494 3304; x_wconf 55' lang='lat' dir='ltr'>indissim-</span> <span class='ocrx_word' id='word_1_181' title='bbox 521 3211 618 3279; x_wconf 84' lang='lat' dir='ltr'>lacum</span> <span class='ocrx_word' id='word_1_182' title='bbox 636 3208 808 3278; x_wconf 80' lang='lat' dir='ltr'>Tiberiadis</span> <span class='ocrx_word' id='word_1_183' title='bbox 822 3209 999 3305; x_wconf 88' lang='lat' dir='ltr'>navigante</span> <span class='ocrx_word' id='word_1_184' title='bbox 1013 3209 1162 3278; x_wconf 88' lang='lat' dir='ltr'>Domino</span> <span class='ocrx_word' id='word_1_185' title='bbox 1176 3206 1412 3280; x_wconf 72' lang='lat' dir='ltr'>sanilificatum</span> <span class='ocrx_word' id='word_1_186' title='bbox 1424 3207 1459 3276; x_wconf 76' lang='grc' dir='ltr'><strong>ἃ</strong></span> <span class='ocrx_word' id='word_1_187' title='bbox 1476 3202 1552 3273; x_wconf 90' lang='lat' dir='ltr'>soli-</span> 
     </span>
     <span class='ocr_line' id='line_1_26' title="bbox 389 3295 1552 3411; baseline -0.004 -25"><span class='ocrx_word' id='word_1_188' title='bbox 389 3295 430 3340; x_wconf 66' lang='lat' dir='ltr'>l¹&#39;&#39;</span> <span class='ocrx_word' id='word_1_189' title='bbox 523 3313 682 3404; x_wconf 87' lang='lat' dir='ltr'>tudinem,</span> <span class='ocrx_word' id='word_1_190' title='bbox 701 3314 818 3408; x_wconf 90' lang='lat' dir='ltr'>inqua</span> <span class='ocrx_word' id='word_1_191' title='bbox 836 3314 937 3385; x_wconf 86' lang='lat' dir='ltr'>multa</span> <span class='ocrx_word' id='word_1_192' title='bbox 949 3313 1152 3410; x_wconf 89' lang='lat' dir='ltr'>populorum</span> <span class='ocrx_word' id='word_1_193' title='bbox 1166 3315 1267 3385; x_wconf 89' lang='lat' dir='ltr'>millia</span> <span class='ocrx_word' id='word_1_194' title='bbox 1283 3315 1395 3411; x_wconf 87' lang='lat' dir='ltr'>paucis</span> <span class='ocrx_word' id='word_1_195' title='bbox 1413 3312 1552 3382; x_wconf 79' lang='lat' dir='ltr'>l&#39;atrsrata</span> 
     </span>
     <span class='ocr_line' id='line_1_27' title="bbox 522 3417 1552 3517; baseline -0.006 -24"><span class='ocrx_word' id='word_1_196' title='bbox 522 3424 595 3494; x_wconf 91' lang='lat' dir='ltr'>sunt</span> <span class='ocrx_word' id='word_1_197' title='bbox 611 3417 761 3517; x_wconf 90' lang='lat' dir='ltr'>panibus,</span> <span class='ocrx_word' id='word_1_198' title='bbox 777 3424 812 3491; x_wconf 73' lang='grc' dir='ltr'>δι</span> <span class='ocrx_word' id='word_1_199' title='bbox 831 3419 872 3491; x_wconf 91' lang='lat' dir='ltr'>de</span> <span class='ocrx_word' id='word_1_200' title='bbox 890 3420 1030 3516; x_wconf 90' lang='lat' dir='ltr'>reliquiis</span> <span class='ocrx_word' id='word_1_201' title='bbox 1051 3421 1250 3492; x_wconf 90' lang='lat' dir='ltr'>vescentium</span> <span class='ocrx_word' id='word_1_202' title='bbox 1268 3421 1381 3516; x_wconf 87' lang='lat' dir='ltr'>repleti</span> <span class='ocrx_word' id='word_1_203' title='bbox 1404 3419 1477 3489; x_wconf 88' lang='lat' dir='ltr'>sunt</span> <span class='ocrx_word' id='word_1_204' title='bbox 1494 3443 1552 3488; x_wconf 93' lang='lat' dir='ltr'>co·</span> 
     </span>
     <span class='ocr_line' id='line_1_28' title="bbox 326 3525 1550 3625; baseline -0.003 -27"><span class='ocrx_word' id='word_1_205' title='bbox 326 3551 396 3599; x_wconf 74' lang='lat' dir='ltr'>stom</span> <span class='ocrx_word' id='word_1_206' title='bbox 408 3550 493 3597; x_wconf 70' lang='lat' dir='ltr'>rabor.</span> <span class='ocrx_word' id='word_1_207' title='bbox 523 3528 615 3625; x_wconf 89' lang='lat' dir='ltr'>phini</span> <span class='ocrx_word' id='word_1_208' title='bbox 626 3525 805 3598; x_wconf 90' lang='lat' dir='ltr'>duodecim</span> <span class='ocrx_word' id='word_1_209' title='bbox 817 3526 960 3599; x_wconf 88' lang='lat' dir='ltr'>tribuum</span> <span class='ocrx_word' id='word_1_210' title='bbox 974 3526 1074 3598; x_wconf 93' lang='lat' dir='ltr'>lsrael.</span> <span class='ocrx_word' id='word_1_211' title='bbox 1100 3526 1283 3600; x_wconf 88' lang='lat' dir='ltr'>Scandebat</span> <span class='ocrx_word' id='word_1_212' title='bbox 1295 3553 1421 3598; x_wconf 84' lang='lat' dir='ltr'>montem</span> <span class='ocrx_word' id='word_1_213' title='bbox 1438 3527 1550 3613; x_wconf 74' lang='lat' dir='ltr'>Talon,</span> 
     </span>
     <span class='ocr_line' id='line_1_29' title="bbox 523 3631 1553 3732; baseline -0.006 -27"><span class='ocrx_word' id='word_1_214' title='bbox 523 3638 557 3705; x_wconf 91' lang='lat' dir='ltr'>in</span> <span class='ocrx_word' id='word_1_215' title='bbox 586 3659 654 3730; x_wconf 92' lang='lat' dir='ltr'>quo</span> <span class='ocrx_word' id='word_1_216' title='bbox 681 3632 922 3732; x_wconf 85' lang='lat' dir='ltr'>transfiguratus</span> <span class='ocrx_word' id='word_1_217' title='bbox 949 3633 993 3705; x_wconf 88' lang='lat' dir='ltr'>est</span> <span class='ocrx_word' id='word_1_218' title='bbox 1018 3633 1201 3726; x_wconf 82' lang='lat' dir='ltr'>Dominus3</span> <span class='ocrx_word' id='word_1_219' title='bbox 1233 3631 1410 3732; x_wconf 86' lang='lat' dir='ltr'>aspiciebat</span> <span class='ocrx_word' id='word_1_220' title='bbox 1433 3631 1553 3729; x_wconf 88' lang='lat' dir='ltr'>procul</span> 
     </span>
     <span class='ocr_line' id='line_1_30' title="bbox 317 3739 1552 3842; baseline -0.003 -29"><span class='ocrx_word' id='word_1_221' title='bbox 317 3766 499 3842; x_wconf 52' lang='lat' dir='ltr'>nantoatis·</span> <span class='ocrx_word' id='word_1_222' title='bbox 524 3766 653 3812; x_wconf 88' lang='lat' dir='ltr'>montes</span> <span class='ocrx_word' id='word_1_223' title='bbox 672 3745 805 3812; x_wconf 85' lang='lat' dir='ltr'>Hermon</span> <span class='ocrx_word' id='word_1_224' title='bbox 822 3741 852 3810; x_wconf 62' lang='grc' dir='ltr'>ὃν</span> <span class='ocrx_word' id='word_1_225' title='bbox 873 3746 1073 3830; x_wconf 87' lang='lat' dir='ltr'>Hermonit&#39;m,</span> <span class='ocrx_word' id='word_1_226' title='bbox 1092 3744 1126 3812; x_wconf 72' lang='grc' dir='ltr'>δε</span> <span class='ocrx_word' id='word_1_227' title='bbox 1142 3766 1280 3840; x_wconf 88' lang='lat' dir='ltr'>campos</span> <span class='ocrx_word' id='word_1_228' title='bbox 1296 3741 1461 3813; x_wconf 78' lang='lat' dir='ltr'>latissimos</span> <span class='ocrx_word' id='word_1_229' title='bbox 1480 3739 1552 3807; x_wconf 87' lang='lat' dir='ltr'>Ga·</span> 
     </span>
     <span class='ocr_line' id='line_1_31' title="bbox 358 3842 1550 3943; baseline -0.007 -22"><span class='ocrx_word' id='word_1_230' title='bbox 358 3843 463 3878; x_wconf 81' lang='lat'>¹¹¹⁰¹¹¹¹¹¹²&#39;</span> <span class='ocrx_word' id='word_1_231' title='bbox 523 3850 605 3940; x_wconf 91' lang='lat' dir='ltr'>lilee,</span> <span class='ocrx_word' id='word_1_232' title='bbox 624 3849 659 3919; x_wconf 91' lang='lat' dir='ltr'>in</span> <span class='ocrx_word' id='word_1_233' title='bbox 685 3842 800 3943; x_wconf 92' lang='lat' dir='ltr'>quibus</span> <span class='ocrx_word' id='word_1_234' title='bbox 827 3847 928 3919; x_wconf 87' lang='lat' dir='ltr'>Sisara</span> <span class='ocrx_word' id='word_1_235' title='bbox 951 3847 1111 3918; x_wconf 89' lang='lat' dir='ltr'>&amp;omnis</span> <span class='ocrx_word' id='word_1_236' title='bbox 1140 3851 1297 3931; x_wconf 82' lang='lat' dir='ltr'>exercitus</span> <span class='ocrx_word' id='word_1_237' title='bbox 1324 3848 1402 3936; x_wconf 86' lang='lat' dir='ltr'>eius,</span> <span class='ocrx_word' id='word_1_238' title='bbox 1429 3843 1550 3916; x_wconf 90' lang='lat' dir='ltr'>Barach</span> 
     </span>
     <span class='ocr_line' id='line_1_32' title="bbox 318 3951 1551 4052; baseline 0.001 -32"><span class='ocrx_word' id='word_1_239' title='bbox 318 3973 500 4022; x_wconf 62' lang='lat' dir='ltr'>torennense.</span> <span class='ocrx_word' id='word_1_240' title='bbox 522 3956 684 4042; x_wconf 92' lang='lat' dir='ltr'>vincente,</span> <span class='ocrx_word' id='word_1_241' title='bbox 695 3955 868 4052; x_wconf 89' lang='lat' dir='ltr'>prostratus</span> <span class='ocrx_word' id='word_1_242' title='bbox 878 3953 932 4043; x_wconf 88' lang='lat' dir='ltr'>est,</span> <span class='ocrx_word' id='word_1_243' title='bbox 946 3977 1124 4024; x_wconf 68' lang='lat' dir='ltr'>torrentem</span> <span class='ocrx_word' id='word_1_244' title='bbox 1141 3959 1247 4051; x_wconf 83' lang='lat' dir='ltr'>Cison,</span> <span class='ocrx_word' id='word_1_245' title='bbox 1256 3957 1313 4051; x_wconf 87' lang='lat' dir='ltr'>qui</span> <span class='ocrx_word' id='word_1_246' title='bbox 1326 3951 1470 4024; x_wconf 89' lang='lat' dir='ltr'>mediam</span> <span class='ocrx_word' id='word_1_247' title='bbox 1479 3951 1551 4048; x_wconf 86' lang='lat' dir='ltr'>pla·</span> 
     </span>
     <span class='ocr_line' id='line_1_33' title="bbox 410 4056 1551 4157; baseline -0.006 -22"><span class='ocrx_word' id='word_1_248' title='bbox 410 4087 486 4135; x_wconf 63' lang='lat' dir='ltr'>statut.</span> <span class='ocrx_word' id='word_1_249' title='bbox 524 4063 637 4133; x_wconf 89' lang='lat' dir='ltr'>nitiem</span> <span class='ocrx_word' id='word_1_250' title='bbox 649 4056 833 4152; x_wconf 80' lang='lat' dir='ltr'>dividebat3</span> <span class='ocrx_word' id='word_1_251' title='bbox 857 4061 893 4130; x_wconf 71' lang='grc' dir='ltr'><strong>ἃ</strong></span> <span class='ocrx_word' id='word_1_252' title='bbox 905 4058 1069 4157; x_wconf 91' lang='lat' dir='ltr'>oppidum</span> <span class='ocrx_word' id='word_1_253' title='bbox 1082 4061 1307 4155; x_wconf 64' lang='lat' dir='ltr'>iuxta&#39;Qaim,</span> <span class='ocrx_word' id='word_1_254' title='bbox 1327 4057 1551 4156; x_wconf 88' lang='lat' dir='ltr'>inquovidue</span> 
     </span>
    </p>

    <p class='ocr_par' dir='ltr' id='par_1_4' title="bbox 524 4165 1119 4261">
     <span class='ocr_line' id='line_1_34' title="bbox 524 4165 1119 4261; baseline -0.002 -21"><span class='ocrx_word' id='word_1_255' title='bbox 524 4169 686 4240; x_wconf 88' lang='lat' dir='ltr'>suscitatus</span> <span class='ocrx_word' id='word_1_256' title='bbox 703 4169 747 4240; x_wconf 88' lang='lat' dir='ltr'>est</span> <span class='ocrx_word' id='word_1_257' title='bbox 764 4167 858 4261; x_wconf 85' lang='lat' dir='ltr'>silius,</span> <span class='ocrx_word' id='word_1_258' title='bbox 874 4165 1119 4240; x_wconf 88' lang='lat' dir='ltr'>monstrabatur.</span> 
     </span>
    </p>
   </div>
   <div class='ocr_carea' id='block_1_3' title="bbox 559 4409 837 4477">
    <p class='ocr_par' dir='ltr' id='par_1_5' title="bbox 559 4409 837 4477">
     <span class='ocr_line' id='line_1_35' title="bbox 559 4409 837 4477; baseline -0.014 -13"><span class='ocrx_word' id='word_1_259' title='bbox 559 4428 584 4464; x_wconf 86' lang='lat' dir='ltr'>a.</span> <span class='ocrx_word' id='word_1_260' title='bbox 605 4409 666 4477; x_wconf 63' lang='grc' dir='ltr'>ΜΕ,</span> <span class='ocrx_word' id='word_1_261' title='bbox 679 4409 717 4462; x_wconf 86' lang='lat' dir='ltr'>ed.</span> <span class='ocrx_word' id='word_1_262' title='bbox 732 4420 837 4464; x_wconf 87' lang='lat' dir='ltr'>torrens.</span> 
     </span>
    </p>
   </div>
   <div class='ocr_carea' id='block_1_4' title="bbox 0 0 1723 5720">
    <p class='ocr_par' dir='ltr' id='par_1_6' title="bbox 0 0 1723 5720">
     <span class='ocr_line' id='line_1_36' title="bbox 0 0 1723 5720; baseline 0 0"><span class='ocrx_word' id='word_1_263' title='bbox 0 0 1723 5720; x_wconf 95' lang='lat' dir='ltr'> </span> 
     </span>
    </p>
   </div>
  </div>
 </body>
</html>
