3390 5720
495 525 544 624 46
787 543 919 598 rausa
937 531 961 584 δι
980 543 1230 600 rsusrocmun

496 760 639 834 tantibus
658 759 832 833 reddamus
842 762 960 852 vicem,
973 759 1016 832 ad
1029 759 1182 858 superbas
1194 762 1279 854 fores
1299 767 1466 862 pergimus
1481 769 1526 858 dc,

496 872 580 941 inter
595 868 723 967 linguas
744 868 932 940 rodentium
950 868 1180 961 ministrorum,
1201 872 1308 967 polles
1325 871 1530 970 ingredimur

497 1001 636 1049 auratos.

545 1085 598 1157 Vl.
625 1087 659 1154 ln
676 1083 795 1155 Christi
812 1108 903 1176 ver0,
921 1107 957 1154 ut
974 1084 1069 1180 supra
1086 1083 1238 1178 dixinms,
1255 1085 1364 1158 villula
1377 1111 1449 1160 tota
1465 1092 1530 1160 rus·

498 1192 602 1262 ticitas
619 1193 664 1281 dt,
689 1216 778 1263 extra
802 1191 956 1288 psalmos,
981 1189 1142 1264 silentium
1169 1194 1223 1265 est.
1252 1195 1482 1292 Quocumque
1498 1222 1530 1269 te

464 1353 467 1360 -
497 1300 639 1389 verteris,
656 1320 774 1389 arator,
791 1298 905 1370 stivam
922 1322 1047 1388 tenens,
1066 1300 1192 1372 alleluia
1216 1299 1377 1374 decantat.
1404 1301 1531 1375 Sudans

499 1403 586 1477 mels
581 1431 620 1475 or
631 1404 761 1502 psalmis
774 1405 805 1475 se
822 1429 942 1476 avocat
954 1407 1000 1495 dt,
1014 1429 1112 1477 curva
1126 1406 1305 1479 attondens
1318 1410 1419 1480 vitem
1436 1409 1530 1500 falce,

498 1513 619 1585 vinitor
638 1509 761 1608 aliquid
781 1510 980 1584 Davidicum
997 1513 1093 1584 canit.
1122 1514 1195 1585 Hec
1222 1515 1294 1586 sunt
1318 1517 1352 1586 in
1373 1513 1437 1586 hac
1453 1539 1532 1611 pto·

498 1621 606 1693 vincia
617 1621 774 1710 carmina,
783 1618 878 1709 he,ut
887 1619 988 1716 vulgo
1003 1618 1129 1710 dicitur,
1141 1623 1300 1692 amatorie
1313 1623 1530 1712 cantationes,

499 1725 552 1797 hic
569 1727 736 1822 pastorum
754 1721 870 1816 fibilus,
890 1724 951 1796 hec
968 1751 1060 1797 arma
1076 1727 1210 1799 culture.
1227 1729 1352 1799 Verum
1370 1727 1450 1824 quid
1462 1731 1533 1828 agi·

499 1859 584 1923 mus,
601 1857 663 1904 nec
684 1829 765 1927 quid
783 1829 899 1902 deceat
915 1833 1109 1930 cogitantes,
1127 1833 1233 1906 solum
1255 1832 1347 1930 quod
1371 1836 1534 1931 cupimus,

500 1940 566 2010 hoc
582 1938 740 2012 videmus.

548 2048 616 2119 Vll.
642 2047 677 2118 O
698 2046 834 2143 quando
854 2046 934 2119 illud
951 2073 1080 2144 tempus
1097 2045 1261 2138 adveniet,
1281 2073 1385 2144 quum
1397 2049 1534 2121 anhelus

502 2155 658 2226 nuncium
671 2156 778 2227 viator
791 2177 956 2252 apportet,
971 2155 1159 2226 Marcellam
1172 2155 1315 2226 nostram
1329 2155 1371 2227 ad
1382 2157 1535 2229 Palestine

501 2263 588 2334 linus
602 2260 783 2359 appulsam,
795 2266 831 2333 δι
843 2264 905 2333 toti
919 2262 1160 2333 monachorum
1171 2261 1275 2352 chori,
1289 2286 1360 2333 tota
1368 2263 1535 2362 virginum

502 2371 635 2468 agmina
653 2367 924 2467 concrepabunt?
950 2368 1099 2442 Obviam
1110 2370 1243 2441 iamiam
1254 2371 1407 2467 gestimus
1421 2394 1536 2440 occut-

504 2504 572 2548 rere
589 2479 634 2564 dc,
654 2502 722 2548 non
735 2478 921 2574 exspeclato
934 2476 1098 2566 vehiculo,
1112 2477 1283 2548 concitum
1295 2474 1435 2572 pedibus
1453 2477 1536 2548 ferre

505 2609 634 2680 corpus.
660 2581 859 2656 Tenebimus
873 2609 1001 2675 manus,
1015 2609 1073 2654 ora
1088 2607 1257 2654 cernemus
1270 2584 1306 2653 dt
1319 2608 1339 2652 a
1356 2579 1537 2654 desiderato

504 2690 558 2760 vix
582 2689 758 2762 avellemur
782 2692 946 2790 amplexu.
977 2691 1105 2790 Ergone
1130 2691 1190 2762 erit
1214 2689 1267 2760 ille
1293 2686 1372 2780 dies,
1398 2686 1536 2784 quando

506 2794 602 2868 nobis
626 2797 722 2868 liceat
745 2797 934 2894 speluncam
959 2797 1125 2870 salvatoris
1151 2796 1298 2867 intrare?
1329 2795 1364 2864 in
1389 2794 1539 2890 sepulcro

506 2901 647 2976 Domini
658 2901 734 2976 flere
747 2927 824 2977 cum
838 2906 958 2992 sorore,
972 2901 1048 2974 flere
1065 2927 1142 2973 cum
1154 2925 1258 2973 matre
1272 2904 1285 2970 ?
1303 2899 1406 2971 crucis
1419 2898 1539 2972 deinde

507 3007 650 3081 lambere
670 3011 799 3111 lignum
823 3014 857 3082 ἃ
883 3013 916 3081 in
939 3010 1065 3082 Oliveti
1089 3033 1216 3098 monte,
1241 3033 1319 3079 cum
1344 3006 1539 3080 ascendente

510 3119 672 3208 Domino,
689 3142 770 3190 voto
788 3118 949 3189 &animo
963 3113 1146 3189 sublevari?
1163 3116 1275 3189 videre
1288 3119 1372 3188 exite
1384 3116 1541 3187 Lazarum

512 3224 616 3294 fasciis
633 3224 838 3323 colligatum,
856 3222 1030 3296 &fluenta
1055 3223 1199 3295 lordanis
1221 3223 1265 3294 ad
1285 3223 1453 3294 lavacrum
1471 3222 1540 3292 Do·

512 3332 592 3402 mini
604 3333 760 3428 puriora?
777 3329 856 3403 inde
869 3330 912 3403 ad
923 3332 1090 3429 pallorum
1102 3331 1211 3402 caulas
1223 3355 1371 3429 pergere,
1383 3330 1418 3399 in
1431 3323 1541 3399 David

513 3463 605 3508 orare
625 3438 819 3509 mausoleo?
846 3443 951 3510 Amos
968 3438 1165 3536 prophetam
1183 3439 1281 3509 etiam
1298 3462 1387 3509 nunc
1403 3434 1542 3507 buccina

513 3543 663 3638 pastorali
671 3546 704 3614 in
711 3544 964 3641 suaconspicere
974 3571 1054 3642 rupe
1062 3545 1295 3643 plangentem?
1306 3543 1350 3620 ad
1363 3541 1540 3631 Abraham,

514 3650 598 3721 lsaac
613 3652 648 3720 δι
672 3647 779 3742 lacob,
805 3652 903 3722 trium
925 3675 1060 3747 quoque
1082 3651 1251 3722 illustrium
1276 3650 1472 3723 feminarum
1492 3647 1542 3718 vel

513 3753 719 3828 tabernacula
737 3782 912 3854 properare
929 3757 983 3830 vel
996 3760 1200 3830 memorias?
1225 3756 1338 3831 videre
1356 3757 1496 3844 fontem,
1511 3756 1541 3825 in

513 3887 581 3960 quo
597 3889 617 3934 a
630 3862 779 3961 Philippo
793 3865 960 3936 eunuchus
978 3865 1022 3936 est
1035 3867 1178 3936 tineius?
1203 3866 1382 3936 Samariam
1394 3887 1539 3960 pergere,

511 3973 547 4042 ἀ
562 3969 713 4042 lohannis
726 3973 873 4068 Baptiste,
885 3973 973 4045 Elisei
984 3975 1164 4069 quoque&
1177 3969 1540 4069 Abdieparitetcinetes

511 4075 674 4151 adorare?
700 4077 830 4176 ingredi
848 4079 1028 4176 speluncas,
1051 4076 1237 4174 inquibus,
1263 4077 1541 4174 persecutionis&

513 4184 608 4256 samis
626 4209 787 4281 tempore,
805 4184 1042 4282 prophetarum
1059 4185 1195 4282 agmina
1212 4185 1286 4254 sunt
1302 4185 1448 4255 nutrita?

559 4292 638 4364 Vlll.
667 4290 785 4364 lbimus
808 4292 852 4365 ad
876 4293 1037 4366 Nazareth
1054 4294 1100 4382 dt,
1126 4293 1216 4364 iuxta
1239 4291 1539 4389 interpretationem

512 4399 655 4472 nominis
663 4401 741 4489 eius,
749 4397 866 4472 florem
877 4397 1058 4471 videbimus
1070 4399 1208 4472 Galilee.
1232 4393 1540 4500 Haudproculinde
