3354 5706
506 545 572 626 154
914 549 1112 602 Ancutrus

503 767 618 858 «mei,
642 793 730 840 nunc
758 770 852 866 optio
874 767 969 842 vobis
991 768 1092 840 datur.
1112 771 1210 840 Dicat
1231 795 1312 866 ergo
1336 770 1472 866 quisque
1498 788 1539 840 e‘

501 905 519 938 α
540 872 679 966 duobus,
705 874 784 971 quid
811 877 919 972 potius
945 900 1060 972 optare
1078 873 1237 946 desiderat
1253 901 1347 966 unus,
1366 879 1453 946 ut&
1471 901 1538 972 ego

501 1012 520 1044 tt
539 980 761 1054 indubitanter
778 983 855 1053 scire
874 981 1003 1079 possim,
1031 985 1143 1078 quiex
1164 980 1260 1054 vobis
1277 983 1346 1074 etit,
1369 983 1435 1072 cui,
1452 984 1542 1053 iuxta

500 1121 519 1152 n
539 1089 709 1185 propriam
726 1091 913 1188 optionem,
935 1113 991 1160 aut
1017 1114 1154 1159 omnem
1183 1086 1390 1161 substantiam
1418 1115 1542 1178 meam,

501 1228 519 1261 n
535 1221 636 1292 quam
648 1195 768 1288 babe0,
783 1194 1020 1268 commodares
1041 1193 1161 1288 debe0,
1175 1219 1230 1266 aut
1245 1194 1311 1267 hoc
1325 1193 1543 1267 solummodo

501 1336 519 1368 ιι
542 1305 669 1375 sacrum
679 1306 819 1376 Domini
828 1303 999 1374 sudarium.
1013 1335 1031 1366 ιι
1046 1301 1177 1400 Quibus
1187 1301 1543 1395 auditisverbis,unus,

500 1413 557 1508 qui
575 1413 702 1508 optavit
718 1413 877 1510 genitoris
895 1410 1022 1482 divitias
1041 1411 1191 1507 accipere
1209 1411 1384 1502 universas,
1403 1411 1545 1508 suscepit

500 1545 553 1590 eas
586 1544 606 1589 a
635 1543 737 1615 patre,
767 1519 854 1589 iuxta
888 1517 1136 1615 promissionem
1171 1515 1227 1588 sub
1258 1519 1454 1590 testamento
1487 1516 1546 1589 srbi

500 1624 779 1698 commendatam.
812 1626 932 1697 Mirum
961 1623 1062 1716 dillu,
1092 1651 1131 1696 ex
1164 1624 1220 1696 illo
1246 1623 1300 1695 die
1327 1651 1447 1697 omnes
1476 1625 1546 1696 eius

500 1731 611 1805 divitie
640 1735 675 1804 δε
705 1733 906 1830 patrimonia
933 1734 1058 1822 omnia,
1085 1755 1223 1829 propter
1248 1731 1342 1827 quod
1375 1731 1545 1804 sudarium

501 1840 640 1912 Domini
661 1837 821 1930 vendidit,
845 1838 1031 1910 decrescere
1047 1862 1217 1936 ceperunt,
1244 1841 1280 1908 ὅ(
1297 1840 1458 1932 universa,
1481 1864 1545 1936 que

501 1948 626 2038 habuit,
660 1945 789 2020 diverfis
820 1946 961 2019 cafibus‘
992 1945 1130 2043 perdita,
1162 1946 1204 2017 ad
1236 1945 1374 2019 nihilum
1409 1946 1545 2020 redadla

501 2057 579 2128 sunt.
610 2055 702 2126 Alter
724 2081 802 2126 vero
827 2053 999 2152 supradicli
1024 2053 1110 2126 beati
1134 2054 1212 2125 furis
1233 2053 1317 2125 filius
1336 2053 1463 2144 beatus,
1488 2055 1543 2150 qui

501 2161 668 2234 sudarium
687 2164 826 2234 Domini
848 2161 1003 2234 omnibus
1024 2161 1153 2259 pretulit
1175 2164 1393 2284 patrimoniis,
1416 2191 1457 2236 ex
1475 2189 1543 2260 quo

502 2269 555 2342 die
572 2269 653 2342 illud
670 2269 712 2341 de
731 2297 831 2342 manu
850 2271 1019 2341 morientis
1037 2270 1166 2366 accepit
1187 2272 1356 2389 genitoris,
1379 2273 1488 2370 magis
1505 2297 1544 2342 ac

501 2376 608 2473 magis
633 2377 790 2468 crescens,
814 2375 961 2448 donante
980 2377 1067 2466 De0,
1091 2377 1223 2447 terrenis
1242 2377 1341 2448 etiam
1363 2375 1485 2475 opibus
1499 2375 1543 2448 est

502 2481 634 2575 ditatus,
652 2509 714 2556 nec
733 2483 899 2556 fraudatus
919 2484 964 2554 est
987 2433 1165 2554 celestibus
1190 2482 1249 2554 Et
1240 2508 1286 2555 tta
1306 2482 1372 2555 boc
1395 2481 1540 2556 domini·

502 2614 579 2660 cum
602 2541 766 2660 stidarium
783 2616 890 2688 patres
907 2588 1002 2660 filiiss
1023 2589 1113 2661 de
1087 2590 1158 2661 erus
1141 2587 1231 2661 sdem
1257 2615 1304 2661 tet
1326 2588 1414 2662 beati
1436 2589 1541 2660 homi·

502 2696 551 2767 nis
572 2687 695 2768 seniine
711 2699 790 2788 nati,
813 2694 902 2794 quafi
926 2695 1148 2769 hereditatio
1140 2724 1222 2788 ture,
1245 2695 1357 2768 fideles
1379 2695 1542 2787 fidelibus,

502 2801 683 2876 secundum
712 2831 829 2876 eorum
859 2804 1010 2901 prosapie
1039 2803 1164 2897 seriem,
1198 2803 1337 2876 fideliter
1365 2804 1469 2900 usque
1499 2753 1542 2875 ad

504 2911 654 3006 quintam
672 2908 956 2983 commendabant
973 2862 1232 3008 generatioriem.
1253 2909 1316 2983 Sed
1334 2911 1409 3008 post
1429 2913 1541 3006 quinte

503 3019 724 3116 generationis
733 3042 898 3115 tempora,
911 3043 1076 3089 annorum
1090 3019 1198 3090 multis
1210 3015 1427 3114 processibus‘
1445 3019 1540 3090 trans·

504 3126 595 3213 aclis,
613 3123 758 3196 eiusdem
777 3125 987 3223 cognationis
1006 3121 1232 3199 deficientibus
1249 3123 1451 3197 hereditariis
1463 3125 1540 3198 fide·

503 3228 598 3322 libus,
620 3233 747 3303 sacrum
768 3230 905 3303 linteum
927 3234 963 3303 in
989 3258 1104 3303 manus
1128 3230 1338 3329 quorundam
1358 3231 1540 3304 infidelium

505 3335 638 3410 devenit
656 3336 841 3430 ludeorum,
860 3338 965 3434 qui&
981 3336 1049 3436 ipfi,
1066 3337 1165 3410 licetf
1177 3336 1307 3437 indigni
1321 3339 1377 3409 tali
1393 3366 1538 3430 munere,

506 3469 618 3514 tamen
640 3443 720 3516 illud
742 3444 924 3516 honorifice
951 3445 1103 3542 amplexi,
1135 3444 1248 3518 divina
1273 3444 1422 3518 donante
1446 3447 1540 3546 largi·

505 3551 608 3641 tione,
625 3549 723 3622 nimis
741 3549 870 3624 diverfis
886 3549 1005 3649 opibus
1017 3552 1211 3650 locupletes,
1227 3551 1345 3624 divites
1363 3555 1441 3624 faeti
1459 3554 1537 3626 sunt.

506 3654 595 3728 ludei
607 3683 686 3728 vero
704 3658 889 3748 credentes,
912 3683 984 3730 orta
995 3660 1029 3730 in
1039 3659 1168 3756 populo
1183 3657 1224 3730 de
1245 3657 1374 3731 sudario
1403 3662 1539 3732 Domini

507 3787 594 3834 certa
607 3766 805 3858 narratione,
823 3790 980 3862 ceperunt
993 3791 1070 3836 cum
1085 3763 1270 3837 infidelibus
1280 3765 1383 3836 ludeis
1396 3766 1440 3839 de
1451 3768 1538 3839 sacto

505 3870 562 3941 illo
589 3869 780 3943 linteamine
809 3873 935 3944 sortiter
963 3871 1176 3964 contendere,
1206 3874 1283 3943 totis
1313 3872 1433 3946 viribus
1462 3873 1537 3946 illud

507 3999 700 4074 appetentes
720 3979 754 4050 in
780 4004 896 4050 manus
919 3980 1082 4076 accipere:
1107 4004 1171 4075 que
1191 3976 1325 4052 subnixa
1350 3984 1539 4055 contentio!

543 4177 565 4212 a.
579 4160 609 4211 G.
622 4159 685 4212 alter
698 4159 814 4212 velitum.
837 4189 859 4198 -
873 4161 939 4218 b.L.;
959 4161 993 4212 al.
1139 4162 1233 4216 seriem.
1257 4193 1289 4202 -
1312 4182 1333 4217 e.
1354 4165 1381 4218 L.
1403 4165 1537 4218 recessibus.

507 4239 993 4310 commendare—c.L,B.,G.,GretJ.
1060 4269 1091 4282 -
1111 4242 1127 4294 f.
1146 4242 1185 4296 Al.
1203 4243 1350 4312 quamlibet,
1367 4243 1489 4314 quolibet.
1506 4275 1537 4285 -

507 4319 628 4374 cladibus.
650 4351 682 4361 -
706 4321 730 4372 d.
757 4321 783 4372 t„
800 4339 844 4372 om.
861 4319 915 4372 filiis
1058 4339 1083 4390 g.
1098 4321 1123 4372 L.
1138 4322 1182 4374 sub
1195 4323 1263 4374 iuxta
1273 4321 1370 4376 concio.
