3390 5720
503 519 836 574 sauctmnnuua.
1132 519 1176 603 39

198 739 264 809 XV
266 742 310 808 lll.
338 738 415 808 Dies
434 737 513 808 mihi
526 739 614 835 prius
627 764 730 834 quam
747 740 853 810 sermo
867 737 990 828 defluit,
1008 737 1029 809 st
1043 739 1178 811 voluero

149 849 545 942 cunelapetcurrere‚que
552 844 910 919 Paulavenerabilisfide
919 845 1100 918 incredibili
1108 872 1179 944 per-

146 979 272 1052 vagata
288 952 341 1025 est.
359 948 515 1022 Transibo
529 950 572 1023 ad
588 957 746 1050 Egypturn,
759 956 794 1023 &
807 956 842 1024 in
854 958 878 1024 S
879 961 965 1026 ochot
980 977 1078 1049 atque
1091 951 1179 1051 apud
1209 956 1311 1068 {mv

151 1063 285 1135 fontem
297 1065 435 1157 Samson,
449 1088 549 1159 quem
567 1062 608 1134 de
626 1065 745 1136 molari
761 1064 890 1136 martille
905 1062 1002 1136 dente
1016 1062 1179 1161 produxit,
1208 1081 1268 1131 rom
1285 1055 1387 1130 simron.

149 1169 316 1243 subsistam
330 1173 553 1266 parumper&
565 1173 689 1242 atentia
702 1196 761 1242 ota
773 1171 929 1264 colluam,
939 1194 974 1241 ut
983 1169 1180 1242 refocillatus

148 1277 284 1351 videam
294 1281 500 1371 Moroflltt'nt,
511 1279 692 1377 sepulcrum
703 1277 1009 1375 quondamlvlichee
1018 1278 1180 1376 prophete
1208 1298 1348 1348 Moturum

147 1389 184 1456 &
202 1412 290 1459 nunc
314 1385 490 1459 ecclesiam.
528 1387 562 1458 Et
585 1387 738 1459 exlatere
763 1385 989 1480 derelinquam
1013 1386 1179 1457 Chorreos

147 1495 361 1586 &›Getheos,
379 1498 526 1591 ‹Maresn
545 1495 711 1568 ldumeam
728 1499 763 1566 &
779 1499 893 1564 lachis.
935 1492 968 1562 Et
987 1517 1045 1590 per
1068 1519 1179 1566 arenas
1194 1509 1287 1558 Matefi.
1299 1510 1389 1559 uehit.

148 1603 350 1676 molliffimas
375 1606 582 1703 pergentium
608 1602 742 1701 vestigia
769 1599 986 1672 subtrahentes
1013 1601 1179 1698 latamque

148 1712 252 1783 eremi
264 1713 444 1784 vastitatem
455 1711 585 1783 veniam
598 1707 641 1780 ad
652 1709 767 1808 Egypti
779 1706 915 1780 fluvium
926 1710 950 1776 S
952 1713 1010 1796 t'ot,
1018 1708 1074 1802 qui
1082 1707 1178 1780 intet-
1209 1732 1266 1780 sur.

147 1842 296 1915 pretatur
312 1817 469 1910 turbidus,
486 1821 521 1888 &
538 1817 683 1913 quinque
701 1815 816 1914 Egypti
837 1816 997 1888 transeam
1021 1815 1177 1907 civitates,

149 1951 218 2022 que
232 1925 412 2023 loquuntur
436 1926 551 2024 lingua
575 1921 794 2015 chananitide,
822 1925 856 1994 ὅ(
873 1946 990 1993 terram
1016 1924 1122 2015 Geffen
1144 1927 1178 1994 ὅ(
1208 1944 1305 1992 senen.

147 2058 289 2131 campos
302 2035 444 2123 Taneos,
462 2035 495 2104 in
509 2029 626 2128 quibus
644 2032 722 2102 fecit
736 2032 825 2102 Deus
839 2025 1008 2119 mirabilia,
1017 2032 1052 2099 δι
1064 2027 1177 2101 urbem

146 2139 218 2232 No,
231 2167 296 2237 que
307 2142 418 2239 postea
431 2141 522 2212 versa
535 2139 579 2211 est
591 2141 626 2210 in
635 2141 868 2226 alexandriam,
879 2140 913 2207 ἃ
928 2133 1093 2233 oppidum
1106 2138 1177 2207 Do·
1208 2155 1351 2204 areanum.

147 2247 232 2318 mini
247 2254 417 2343 Qitrt‘om,
440 2249 474 2317 in
496 2272 564 2343 quo
591 2245 756 2343 purissimo
778 2248 934 2319 virtutum
957 2245 1044 2315 nitro
1069 2240 1178 2315 sordes
1208 2265 1287 2316 tuum

147 2355 299 2426 lavantur
315 2352 463 2451 quotidie
480 2353 707 2452 plurimorum.
732 2352 838 2451 Qrod
853 2380 956 2450 quum
971 2348 1110 2442 vidisset,
1122 2375 1178 2420 oc·

147 2487 300 2534 currente
316 2459 372 2533 fibi
388 2462 553 2533 santio&
577 2459 753 2535 venerabili
775 2463 932 2561 episcopo
955 2458 1074 2532 lsrdoro
1098 2482 1177 2529 con·

146 2564 267 2639 sessore
279 2568 314 2638 &
326 2564 424 2638 turbis
437 2565 726 2639 innumerabilibus
740 2567 993 2660 monachorum,
1009 2592 1049 2639 ex
1064 2563 1180 2662 quibus

147 2675 273 2746 multos
290 2671 498 2746 sacerdotalis
515 2676 551 2745 &
569 2673 714 2747 leviticus
737 2673 932 2747 sublimabat
947 2674 1079 2772 gradus,
1101 2673 1179 2744 leta·

147 2778 247 2852 batur
260 2778 394 2877 quidem
408 2777 451 2850 ad
467 2780 610 2878 gloriam
625 2782 775 2874 Domini,
788 2779 843 2851 sed
857 2781 888 2852 se
901 2779 1074 2882 indignam
1088 2801 1180 2850 tanto

145 2890 278 2962 honore
295 2888 463 2962 fatebatur.
491 2887 584 2988 Quid
602 2915 667 2988 ego
685 2916 814 2962 nartem
827 2891 998 2981 Macarius,
1018 2892 1181 2976 Arsenios‚

144 2998 341 3093 Serapiones
355 2995 760 3091 &reliquacolumnarum
769 2996 1054 3069 Christinomina?
1077 2995 1180 3068 Cuius

146 3130 220 3176 non
235 3105 366 3176 intravit
383 3103 553 3174 cellulam?
594 3104 750 3201 Quorum
766 3102 905 3201 pedibus
935 3130 1004 3176 non
1024 3102 1181 3176 advoluta

146 3211 215 3282 est?
254 3210 309 3280 Per
333 3206 475 3306 singulos
501 3208 629 3280 santlos
651 3210 817 3281 Christum
840 3212 870 3282 se
889 3209 999 3284 videre
1017 3207 1180 3299 credebat,

146 3310 359 3412 &quidquid
374 3315 408 3384 in
421 3313 495 3384 illos
508 3314 701 3408 contulerat,
718 3317 752 3386 in
766 3317 949 3388 Dominum
965 3318 996 3388 se
1009 3309 1180 3388 contulisse

145 3418 316 3496 letabatur.
355 3419 454 3490 Mirus
472 3419 572 3493 ardor
588 3424 623 3493 &
640 3425 694 3495 virt
715 3424 749 3494 in
766 3423 889 3496 femina
906 3421 1067 3495 credibilis
1085 3421 1181 3492 forti-

146 3529 250 3623 tudo,
275 3527 377 3601 oblita
396 3530 486 3600 sertus
499 3533 534 3600 ἅ
549 3530 729 3629 fragilitatis
748 3532 896 3627 corporis
913 3533 996 3603 inter
1016 3554 1066 3602 tot
1078 3529 1180 3600 millia

148 3636 391 3710 monachorum
404 3662 481 3708 cum
492 3636 608 3734 puellis
621 3637 682 3708 suis
697 3634 841 3709 habitare
853 3634 1015 3735 cupiebat,
1036 3636 1071 3708 lit
1090 3633 1180 3708 forfi-

147 3769 217 3837 tan,
241 3748 362 3816 cuncus
388 3771 462 3816 eam
487 3741 740 3842 suscipientibus,
771 3743 981 3841 impetrasset,
1013 3745 1047 3816 ni
1075 3745 1179 3815 maius

148 3854 337 3925 sanctorum
352 3851 506 3923 locorum
525 3848 700 3924 retraxisset
719 3849 920 3924 desiderium.

194 3960 278 4031 xix
308 3963 418 4057 Atque
446 3985 582 4059 propter
604 3959 850 4033 ferventissimos
877 3962 970 4053 estus,
994 3958 1036 4032 de
1061 3962 1178 4059 Pelufio
1204 3987 1323 4036 rituam„

142 4071 328 4141 maiomam
351 4068 564 4166 navigatione
591 4069 793 4164 perveniens,
820 4092 910 4141 tanta
937 4068 1110 4141 velocitate
1127 4095 1175 4138 re·
1208 4091 1316 4140 uuum..

142 4175 234 4249 versa
250 4173 305 4265 est,
322 4197 358 4246 ut
379 4200 475 4247 avem
494 4197 631 4272 putates.
673 4175 744 4245 Nec
774 4174 880 4246 multo
906 4175 981 4272 post
1006 4176 1041 4245 in
1066 4173 1176 4246 sanna

141 4285 317 4354 ueritatem
353 4283 503 4352 mansura
539 4305 710 4379 perpetuo,
745 4282 884 4382 angusto
907 4307 967 4381 per
994 4281 1171 4354 triennium
1208 4303 1353 4353 naturalem.

140 4387 256 4462 mansit
279 4388 469 4487 hospitiolo,
495 4387 603 4461 donec
623 4389 794 4462 exstrueret
817 4387 948 4460 cellulas
972 4413 1012 4460 ac
1038 4387 1169 4460 monas·
