3390 5720
469 500 802 554 snucrmrnuum.
1105 500 1147 583 33

131 749 216 815 quum
235 726 417 816 expugnavit
435 724 550 808 David,
568 718 661 790 &de
678 745 727 810 ea,
752 746 816 816 que
840 719 990 792 edificata
1007 722 1061 812 esh
1085 720 1153 792 dic·

132 855 201 900 tum
219 827 284 899 est:
302 830 500 898 Fundamenta
517 832 582 896 tius
599 832 630 896 t'u
646 830 929 922 montibussattdlt's.
949 829 1073 924 Diligit
1085 837 1155 900 ‘Do-

132 941 229 1004 minus
239 961 350 1030 portus
365 939 441 1005 Sion
448 939 544 1030 super
560 941 660 1004 omniu
676 937 866 1005 tabernaculo
882 939 993 1017 lreob;
1016 961 1086 1006 non
1102 963 1156 1008 eas

133 1064 254 1136 portas,
280 1066 361 1137 quas
377 1039 478 1112 hodie
495 1042 655 1112 cernimus
671 1042 706 1111 in
723 1041 869 1113 favillam
886 1043 920 1111 δέ
937 1044 1079 1112 cinerem
1096 1041 1156 1114 dis·

134 1150 262 1239 solutas,
279 1146 335 1220 sed
351 1171 474 1246 portas,
496 1145 612 1243 quibus
629 1172 698 1219 non
717 1146 860 1243 prevalet
876 1147 1020 1219 infernus
1043 1151 1078 1218 ἅ
1099 1173 1158 1246 per

133 1281 211 1351 quas
230 1252 434 1326 credentium
451 1252 493 1324 ad
510 1251 675 1324 Christum
687 1251 868 1350 ingreditur
883 1252 1067 1326 multitudo.
1095 1256 1158 1327 Os·

134 1357 327 1433 tendebatur
337 1359 405 1432 illic
417 1360 573 1431 columna
594 1356 725 1431 ecclesie
741 1361 906 1457 porticum
922 1361 1087 1452 sustinens,
1109 1365 1159 1432 in·

134 1469 214 1540 setta
231 1493 349 1538 cruore
371 1467 520 1558 Domini,
538 1464 582 1539 ad
599 1492 701 1562 quam
717 1469 843 1539 vincius
861 1464 978 1538 dicitur
993 1471 1029 1538 δι
1046 1467 1159 1568 flagel-

134 1574 233 1667 larus;
259 1571 498 1646 monshabatur
511 1573 614 1664 locus,
632 1571 688 1645 ubi
704 1574 800 1670 super
818 1598 951 1645 centum
963 1575 1080 1673 viginti
1095 1601 1161 1648 cre·

135 1680 281 1752 dentium
307 1682 433 1752 animas
458 1681 584 1778 spiritus
610 1681 736 1752 sanetus
760 1678 984 1773 descendisset,
1008 1706 1043 1754 ut
1070 1682 1162 1756 loelis

135 1789 324 1860 vaticinium
340 1787 567 1883 compleretur.

181 1894 260 1965 Vlll.
287 1890 430 1986 Deinde,
458 1917 519 1990 pro
542 1893 728 1964 facultatula
756 1895 822 1984 sua,
845 1890 1039 1990 pauperibus
1065 1917 1162 1988 atque

136 2001 296 2096 conservis
323 2005 464 2098 pecunia
490 1999 665 2091 distributa,
692 2000 830 2097 perrexit
852 1999 1049 2091 Bethlehem,
1069 2004 1104 2071 ἅ
1127 2003 1162 2073 in

139 2104 254 2186 dextra
268 2134 364 2205 parte
386 2110 506 2182 itineris
527 2107 611 2179 stetit
631 2106 675 2178 ad
689 2111 863 2204 sepulcrum
887 2111 1016 2205 Rcrcltel,
1038 2110 1071 2178 in
1094 2131 1162 2204 quo
1192 2133 1341 2196 sepulchrum

139 2213 318 2307 Beniamin,
336 2241 418 2308 non,
441 2240 477 2286 ut
491 2238 667 2288 vocaverat
687 2217 842 2307 moriens,
862 2217 999 2304 Benoni,
1021 2215 1087 2285 hoc
1107 2214 1162 2308 est,
1230 2195 1326 2242 Md·

138 2317 219 2392 filius
239 2320 367 2393 doloris
388 2325 464 2415 mei,
490 2320 557 2413 sed,
579 2346 615 2394 ut
633 2345 726 2419 pater
747 2323 956 2419 prophetavit
976 2324 1009 2394 in
1040 2321 1163 2419 spiritu,

138 2425 236 2498 filium
252 2427 367 2501 dextre
384 2432 578 2526 procreavit.
612 2433 721 2524 Atque
738 2427 815 2503 inde
831 2431 1004 2500 herbleium
1025 2424 1165 2526 ingressa
1194 2451 1337 2502 uerutum.

139 2535 216 2604 &in
234 2535 372 2632 specum
384 2536 548 2610 salvatoris
565 2537 732 2627 introiens,
748 2536 926 2632 postquam
941 2534 1024 2608 vidit
1041 2537 1168 2607 sacrum

141 2643 270 2738 virginis
283 2639 498 2716 diversorium
515 2645 550 2712 ἅ
567 2640 739 2735 stabulum,
758 2644 793 2713 in
807 2667 875 2738 quo
891 2649 1015 2737 agnovit
1030 2647 1083 2713 bos
1094 2644 1169 2738 pos·

135 2751 373 2844 sefforemsuum
383 2750 413 2819 o
425 2758 519 2848 astaus
524 2753 648 2845 presepe
657 2755 787 2820 Domitii
790 2753 858 2843 sui,
873 2773 908 2820 ut
921 2746 1002 2820 illud
1019 2749 1170 2845 implere·

118 2937 120 2941 ¹
142 2878 199 2944 tur,
216 2853 312 2951 quod
328 2857 364 2926 iu
382 2854 504 2928 eodem
519 2855 681 2954 propheta
694 2857 851 2952 scriptum
872 2855 938 2928 esi:
970 2861 1094 2943 henna,
1115 2861 1167 2948 qut·

136 2966 372 3060 sturiuarsuper
388 2991 492 3057 aquas,
509 2967 627 3036 ubilos
643 2965 674 3035 ὃ»
692 2973 787 3063 nfirtus
808 2967 937 3053 calcant,
953 2987 1007 3034 me
1020 2961 1172 3035 audiente

144 3066 266 3140 iurabat
283 3093 415 3142 cernere
430 3071 462 3142 se
479 3071 581 3142 oculis
594 3069 672 3142 fidei
684 3071 844 3142 infantem
857 3071 975 3166 pannis
986 3069 1172 3142 involutum

143 3176 329 3272 vagientem
336 3178 371 3248 in
381 3178 516 3276 presepe
525 3179 721 3267 Dominum,
730 3201 846 3274 magos
857 3174 1042 3268 adorantes,
1050 3175 1173 3246 stellam

147 3280 333 3380 fulgentem
344 3281 491 3381 desuper,
504 3309 641 3356 matrem
649 3285 821 3382 virginem,
833 3283 1002 3354 nutritium
1016 3281 1173 3370 sedulum,

146 3388 284 3484 pastores
295 3395 396 3462 nocte
404 3393 582 3483 venientes,
592 3389 782 3464 utviderent
790 3386 938 3480 verbum,
951 3387 1175 3485 quodfalsum

147 3519 221 3587 erat,
235 3497 270 3566 ἃ
288 3497 445 3569 iamtunc
457 3497 652 3596 evangeliste
665 3496 814 3566 {ohannis
828 3495 1028 3592 principium
1045 3492 1177 3566 dedica·

147 3623 215 3672 rent
224 3635 232 3672 ι
241 3607 276 3672 lu
283 3608 444 3699 principio
453 3631 519 3676 erut
527 3609 656 3692 verbum,
670 3604 700 3673 fe
712 3607 828 3674 vetlrum
839 3607 1031 3695 cerofarium
1044 3607 1094 3694 est,
1105 3627 1178 3699 par·

147 3708 239 3780 vulos
250 3710 454 3803 interfefios,
469 3710 641 3784 Herodem
659 3712 845 3800 sevientem,
865 3707 979 3806 loseph
994 3711 1029 3780 ἃ
1043 3709 1180 3780 Mariam

151 3815 309 3915 fugientes
326 3818 362 3887 in
377 3817 547 3918 Egyptum.
580 3819 749 3913 Mixtisque
762 3814 888 3916 gaudio
905 3816 1046 3888 lacrimis
1064 3817 1181 3914 loque·
1287 3850 1289 3854 ·

150 3921 254 3995 batur:
271 3923 382 4014 Salve,
390 3925 590 4016 Bethlehem,
597 3924 718 3996 domus
731 3925 834 4021 panis,
846 3923 880 3994 in
892 3947 957 4018 qua
968 3947 1062 3995 natus
1072 3925 1117 3995 est
1129 3924 1182 3996 ille

150 4030 251 4122 panis,
270 4032 331 4126 qui
347 4029 390 4102 de
406 4033 479 4103 celo
495 4030 680 4122 descendit3
706 4031 801 4122 salve,
816 4030 963 4127 Ephrem,
981 4032 1073 4128 regio
1090 4031 1181 4104 uber·

152 4133 230 4205 rima
245 4161 348 4232 atque
368 4130 567 4242 καρποφόρε,
585 4139 676 4209 cuius
693 4137 836 4208 fertilitas
856 4139 945 4208 Deus
964 4136 1016 4208 est.
1045 4138 1098 4208 De
1115 4163 1183 4236 quo

154 4239 325 4334 quondam
333 4243 478 4314 Micheus
487 4246 680 4317 vaticinatus
687 4243 745 4315 est:
760 4244 1028 4334 Etru,‘Bttltlehem
1037 4249 1183 4340 Ephttra,

156 4373 210 4418 non
224 4356 351 4422 minima
365 4377 398 4421 es
410 4356 442 4421 itt
454 4352 587 4423 millibus
603 4354 689 4422 ludu.
717 4357 762 4422 Ea
774 4379 802 4422 te
816 4359 892 4423 milti
904 4357 1076 4450 egredietur
1088 4361 1139 4446 qui
1149 4365 1186 4452 fit

951 4511 954 4518 ⁴
1050 4533 1062 4586 ⁵
