3396 5708
512 531 577 628 138
971 531 1076 627 (4¹7)

506 765 661 829 interdum
682 767 856 829 venientem
875 768 912 829 ad
931 767 1096 828 videndam
1115 765 1301 849 suscipiebat
1316 763 1478 849 lpsaenim
1491 766 1531 829 illi

507 855 585 917 sabla
611 855 653 917 est
674 857 710 919 ad
734 855 839 920 Deum
863 857 919 918 iter
939 855 1100 918 ostendens
1120 853 1152 916 δι
1173 855 1204 916 in
1225 854 1369 918 omnibus
1386 853 1447 918 Dei
1468 877 1533 918 eam

506 942 663 1022 instruens,
688 946 725 1008 ad
742 945 870 1008 multam
892 944 1101 1007 abstinentiam
1121 943 1372 1006 &humilitatem
1387 945 1533 1026 perduxit.
1544 956 1658 1018 rapta

506 1032 590 1094 Nam
606 1033 636 1096 δι
650 1033 825 1117 puellaque
848 1035 875 1096 ei
896 1033 1080 1096 ministrabat
1099 1032 1221 1095 dicebat
1234 1033 1323 1095 nobis
1338 1033 1412 1114 quia
1425 1032 1535 1096 multo-

507 1121 594 1200 tiens,
608 1143 703 1203 quum
720 1122 825 1184 iamin
843 1121 954 1184 Pascha
967 1137 1137 1204 exurgeret,
1158 1121 1189 1182 in
1206 1119 1320 1198 cilicio,
1334 1123 1421 1203 quod
1438 1121 1533 1184 eide·

505 1207 604 1272 sandie
629 1208 868 1273 substernebatur
889 1210 1054 1288 incinere,
1079 1229 1198 1272 vermes
1220 1210 1363 1271 inmunes
1378 1209 1534 1272 inveniret.

546 1321 560 1354 ι
579 1294 615 1358 In
630 1297 687 1359 hac
699 1296 749 1360 tali
763 1297 926 1361 tolerantia
940 1299 1012 1360 fecit
1023 1318 1119 1360 annos
1133 1296 1384 1380 quattuordecim
1398 1299 1431 1359 in
1440 1296 1535 1360 Hero-

497 1385 631 1474 solimam
676 1393 723 1464 tc),
742 1386 772 1448 in
788 1387 931 1450 omnibus
946 1386 1054 1450 sanetis
1069 1385 1205 1448 moribus
1219 1383 1249 1447 dc
1263 1383 1366 1447 celesti
1382 1385 1537 1448 conversa-

507 1474 591 1536 tione
605 1473 793 1556 semetipsam
808 1495 962 1538 exercens.
974 1474 1116 1556 Contigit
1128 1489 1230 1536 autem
1250 1472 1352 1535 sancta
1366 1491 1466 1536 mater
1476 1475 1536 1538 eius

505 1563 637 1644 migrare
660 1563 696 1623 ad
721 1560 904 1624 Dominum.
930 1562 1028 1626 Cuius
1050 1561 1185 1626 sandium
1206 1560 1424 1642 corpusculum
1446 1563 1538 1644 depo-

507 1670 593 1725 nens,
607 1646 743 1731 sepelivit
757 1651 788 1712 in
803 1651 907 1712 Monte
921 1651 1023 1714 sandlo
1039 1649 1156 1727 Osoeti,
1170 1649 1200 1712 δι
1217 1648 1279 1732 ipsa
1293 1648 1410 1711 ibidem
1422 1669 1537 1732 perma-

507 1760 592 1816 nens,
615 1737 652 1799 de
673 1753 776 1800 cetero
790 1739 821 1800 in
836 1739 959 1800 civitate
980 1737 1080 1802 noluit
1101 1738 1245 1800 habitare.
1261 1735 1303 1799 Et
1317 1759 1416 1819 quum
1437 1739 1468 1800 in
1482 1759 1538 1800 una

509 1825 621 1889 cellula
634 1827 761 1891 obscura
775 1828 805 1889 in
822 1828 918 1891 multa
929 1826 1106 1889 abstinentia
1116 1824 1285 1888 &lacrimis
1297 1823 1445 1889 Domino
1455 1847 1537 1888 vaca-

508 1930 563 1994 ret,
578 1914 650 1978 fecit
664 1911 717 1977 srbi
732 1915 763 1978 in
778 1915 841 1996 ipso
859 1915 960 1979 sardio
971 1931 1077 1980 monte
1087 1913 1303 1976 monasterium
1313 1911 1445 1996 &rogat
1458 1914 1537 1976 suum

504 2005 631 2067 fratrem
642 2019 676 2065 ut
686 2024 797 2086 paucas
812 2005 839 2065 ei
854 2005 986 2087 virgines
997 2019 1206 2086 congregaret
1221 2001 1427 2066 Conveniunt
1440 2017 1537 2064 autem

508 2093 576 2174 plus
591 2092 692 2154 minus
706 2092 882 2174 nonaginta,
902 2113 976 2175 quas
997 2091 1084 2154 beata
1105 2090 1157 2153 suo
1174 2089 1337 2152 instruebat
1350 2089 1538 2172 exemplo&

506 2201 578 2243 cum
588 2180 799 2243 blandimento
812 2181 967 2259 monebat,
981 2181 1085 2242 dicens
1097 2201 1136 2242 ne
1147 2177 1261 2241 vellent
1273 2176 1321 2240 vel
1338 2179 1369 2240 in
1381 2179 1537 2241 modicum

506 2269 579 2332 viris
594 2288 737 2349 apparere
757 2284 857 2330 autne
872 2267 973 2352 aliqua
987 2268 1030 2332 eis
1041 2267 1157 2331 occasio
1168 2265 1345 2350 egrediendi
1360 2265 1537 2330 nasceretur.

506 2353 687 2420 Intrinsecus
709 2354 809 2418 lacum
827 2355 891 2418 lieri
911 2355 1039 2420 iubet&
1060 2355 1165 2418 omnia
1185 2376 1383 2438 quecumque
1402 2358 1538 2437 eorporis

508 2443 662 2507 necessitas
684 2440 818 2527 exigisset
836 2444 899 2526 ipsa
913 2443 1070 2506 ministrari
1091 2443 1279 2506 abundanter
1303 2443 1400 2520 iubet,
1424 2457 1537 2505 numm

509 2547 542 2594 ut
556 2547 701 2595 caverent
715 2531 851 2615 aspedtus
865 2533 1010 2595 viromm.
1026 2531 1200 2615 Quomodo
1215 2546 1318 2593 autem
1328 2552 1381 2596 eas
1392 2531 1538 2594 instruens

509 2619 548 2681 de
569 2620 680 2683 divinis
699 2620 728 2684 δι
749 2620 949 2698 orationibus,
967 2619 1204 2702 cogitationibus
1222 2617 1335 2682 diaboli
1351 2619 1538 2702 perturbem

508 2709 547 2770 ad
571 2708 651 2770 viam
678 2706 808 2770 Domini
831 2708 1005 2786 revocabat,
1031 2705 1157 2770 nonest
1186 2706 1322 2769 nostrum
1350 2706 1467 2786 dicere,
1493 2707 1656 2786 sedem:

509 2815 616 2858 eorum
636 2796 688 2880 qui
704 2794 848 2878 sapientia
862 2796 991 2879 pleniori
1005 2793 1123 2858 nostros
1137 2794 1282 2878 erro[re]s
1296 2793 1420 2872 possunt
1437 2816 1538 2858 emen·

510 2883 596 2958 dare;
610 2905 647 2946 ex
663 2899 747 2966 parte
759 2900 861 2946 autem
875 2885 1003 2946 referam
1019 2881 1087 2965 post
1097 2882 1264 2965 paululum.
1279 2883 1355 2947 Erat
1370 2899 1475 2946 autem
1486 2883 1540 2946 &a

510 2972 650 3054 turpibus
665 2970 741 3035 locis
756 2971 907 3036 abstraens
922 2971 1066 3035 mulieres
1077 2985 1202 3054 propter
1220 2971 1443 3034 emulationem
1457 2969 1540 3033 calli-

510 3061 579 3123 tatis
607 3059 637 3121 br
664 3059 793 3123 offerens
818 3058 907 3140 Deo,
935 3059 1010 3122 illud
1035 3060 1131 3123 sciens
1155 3058 1313 3142 eloquium
1337 3059 1423 3142 quod
1452 3058 1539 3121 dicit:

511 3173 524 3206 a
545 3146 707 3233 Quoniam
722 3148 775 3231 qui
790 3147 930 3210 eduxerit
951 3148 990 3211 de
1011 3149 1178 3234 inpudente
1197 3146 1362 3230 pretiosum
1388 3169 1424 3210 os
1439 3166 1540 3209 meum

512 3263 524 3294 ι
543 3236 610 3298 erit.
628 3261 640 3292 ›
665 3234 706 3298 Et
720 3236 867 3319 quoniam
888 3257 995 3300 omnes
1010 3236 1038 3298 ei
1057 3235 1174 3298 subdite
1188 3234 1246 3297 esse
1261 3233 1540 3313 desidemrenenon

511 3324 669 3407 adquiebit
693 3324 778 3406 prior
799 3321 858 3386 ess'e
876 3322 1047 3408 monasterij
1064 3323 1104 3386 sui
1121 3339 1246 3406 propter
1265 3323 1394 3386 multam
1417 3321 1542 3384 bumili-

510 3427 615 3491 tatem,
636 3411 678 3474 set
694 3411 797 3476 statuit
820 3411 911 3474 aliam
926 3433 986 3496 que
1001 3431 1051 3474 eas
1065 3427 1185 3494 regeret
1198 3409 1227 3473 δι
1242 3410 1302 3492 ipsa
1314 3410 1411 3473 solum
1425 3414 1466 3472 ad
1477 3429 1539 3472 ora-

511 3503 627 3564 tionem
656 3499 685 3563 dt
705 3499 776 3563 obse
799 3501 850 3562 uia
870 3499 1040 3563 sanctorum
1054 3513 1182 3562 vacaret.
1204 3496 1246 3561 Et
1265 3519 1361 3582 quum
1376 3497 1539 3582 aliquando

511 3587 602 3672 paulo
626 3587 731 3650 durior
751 3523 823 3651 etiet
844 3609 904 3670 que
925 3589 969 3651 eis
990 3588 1139 3670 preposita
1158 3587 1255 3650 suerat
1276 3603 1382 3666 mater,
1400 3587 1462 3650 hec
1475 3587 1539 3650 bea

511 3677 627 3755 tissima,
643 3695 747 3738 amans
761 3675 887 3755 sorores,
902 3675 1071 3739 summebat
1084 3696 1145 3758 que
1158 3691 1244 3738 erant
1263 3673 1323 3738 illis
1334 3672 1539 3738 necessaria&

511 3767 541 3829 in
563 3763 688 3827 occulto
710 3760 831 3846 singulis
853 3785 971 3846 ponens
990 3761 1232 3828 subministrabat
1255 3765 1297 3826 ita
1316 3779 1350 3826 ut
1369 3762 1423 3826 ille
1443 3763 1538 3848 ingre·

511 3853 628 3916 dientes
644 3865 780 3934 paratum
795 3851 977 3930 invenirent,
991 3852 1147 3935 ignorante
1161 3853 1219 3914 hec
1230 3867 1327 3914 matre
1341 3871 1457 3914 earum.
1471 3851 1538 3913 Vir-

510 3941 596 4026 gines
616 3956 718 4003 autem
740 3960 777 4002 ex
800 3938 1019 4003 consuetudine
1044 3939 1259 4004 intellexerunt
1279 3939 1352 4021 quia
1375 3939 1467 4003 beata
1486 3938 1537 4001 bec

511 4029 638 4104 faceret;
657 4029 688 4102 in
703 4042 823 4091 tantum
837 4044 872 4091 ut
884 4026 977 4090 etiam
992 4026 1093 4090 Lauso
1107 4027 1239 4108 cuidam,
1258 4025 1400 4110 religioso
1414 4027 1486 4090 viro
1503 4047 1537 4088 ex

512 4116 668 4199 prepositis
687 4115 761 4179 sacri
785 4114 930 4195 cubiculi,
950 4116 1094 4179 scriberet
1112 4130 1145 4179 ut
1160 4115 1285 4198 inpenso
1305 4135 1362 4199 pro
1384 4116 1486 4179 meriti
1498 4113 1535 4176 sui

512 4205 615 4268 labore
628 4204 747 4268 iuberet
765 4206 808 4270 eis
829 4203 915 4269 fieret
928 4204 1071 4268 valneum
1090 4206 1122 4268 in
1141 4203 1205 4286 ipso
1224 4203 1410 4268 monasterio
1422 4203 1535 4278 Oliveti,

512 4309 547 4357 ut
559 4292 681 4378 quando
696 4313 774 4375 opus
792 4293 928 4372 aberent,
942 4311 1004 4356 non
1020 4291 1050 4354 in
1062 4291 1216 4356 civitatem
1233 4289 1298 4376 (stc)
1314 4289 1535 4356 vexarennu&
