3354 5706
421 591 470 643 us
496 591 598 645 uocis
623 589 793 642 sartoris.
1055 571 1122 668 185

90 812 330 882 monachorum
346 811 426 882 inest
442 809 567 909 grande
587 817 793 902 monasteriam
808 809 993 906 &plurime
1011 833 1126 878 eorum

90 919 211 990 cellule.
226 917 314 990 Nam
327 919 409 990 illius
426 921 549 990 montis
558 919 743 1015 campestris
757 941 866 990 vertex
879 942 948 987 non
958 917 993 986 in
1010 914 1125 1012 angus-

91 1053 159 1098 tum
184 1030 368 1097 coarslatur
392 1051 570 1112 cacumen,
602 1024 658 1096 sed
685 1026 718 1095 in
743 1022 950 1095 latitudinem
975 1020 1126 1093 dilatatur

92 1132 266 1204 stadiorum
282 1134 397 1230 viginti
419 1149 598 1228 quatuos?
613 1131 752 1203 altitudo
775 1155 884 1202 autem
905 1131 971 1201 eius
993 1129 1125 1226 triginta

91 1239 193 1312 stadiis
210 1239 407 1312 sublimatur.

138 1353 171 1418 ln
192 1347 311 1419 eadem
333 1372 468 1443 quoque
488 1347 645 1443 superiori
666 1346 785 1443 platea,
808 1371 876 1416 non
898 1345 990 1441 parvi
1006 1342 1123 1434 edificij

92 1481 167 1526 reme
181 1455 319 1527 fundate
332 1458 405 1528 sunt
417 1459 533 1551 ecclefie
546 1452 748 1544 celebriores,
762 1455 851 1524 iuxta
863 1452 993 1522 illorum
1009 1477 1123 1522 nume·

93 1589 160 1632 rum
178 1557 476 1653 tabernaculorum,
494 1562 536 1634 de
554 1560 671 1658 quibus
687 1561 722 1630 in
738 1559 858 1631 eodem
875 1559 986 1629 sancio
1009 1583 1124 1630 monte

93 1670 204 1760 Petrus,
223 1669 331 1740 celesti
347 1668 518 1741 letificatus
536 1665 656 1740 vihone
672 1669 707 1737 δε
724 1667 924 1762 pavefaslus,
942 1662 986 1735 ad
1004 1667 1123 1736 Domi-

93 1801 168 1844 num
183 1775 326 1866 locutus,
343 1778 400 1847 ait:
427 1779 542 1846 bortum
560 1782 598 1869 est
613 1802 668 1844 rtos
692 1781 741 1844 lrr'c
759 1776 825 1866 effe,
845 1782 869 1869 fi
890 1779 948 1859 vis,
965 1777 1123 1864 faciamus

93 1890 138 1952 lu'c
154 1889 212 1952 trio
226 1885 429 1974 tabernacula,
444 1887 502 1953 tibi
517 1910 603 1954 unum
621 1882 652 1951 θ
667 1883 776 1978 ‹Jtsoyfi
790 1908 877 1950 utrum
891 1880 920 1948 se
933 1881 1002 1948 Elie
1020 1907 1121 1949 arrum.

94 1993 197 2085 ltaque
218 1991 316 2087 supra
336 2013 518 2060 memorata
538 1985 825 2058 monasterioruml
845 1989 880 2057 &
901 1987 998 2056 trium
1018 1988 1122 2058 eccle-

93 2092 202 2166 siarum
213 2095 353 2186 edificia,
369 2122 444 2166 curn
458 2095 580 2166 cellulis
595 2092 849 2184 monachorum,
861 2091 994 2191 lapideo
1009 2096 1122 2164 omnia

95 2203 385 2276 circumveniuntur
409 2228 515 2294 mur0,
542 2198 597 2271 ubi
619 2201 745 2270 sanctus
766 2198 914 2270 Arculsus
932 2225 997 2272 una
1014 2201 1122 2295 hospi·

96 2333 171 2380 tatus
184 2311 228 2381 est
251 2315 347 2381 nosse
364 2311 399 2382 in
418 2308 562 2380 eiusdem
579 2308 679 2378 sanffl
692 2308 813 2379 montis
827 2305 1021 2378 celhtudine.
1035 2307 1121 2378 Nam

96 2413 204 2508 Petrus,
218 2416 431 2514 Burgundio‘
458 2413 650 2506 christicola,
667 2417 702 2485 δε
716 2416 749 2484 in
762 2413 821 2484 illis
836 2415 924 2484 terris
937 2413 1122 2484 semitarum

96 2521 156 2592 eius
176 2522 306 2612 durior,
329 2549 398 2593 non
421 2523 527 2619 ipsum
549 2519 670 2592 smebat
692 2523 725 2592 in
750 2546 817 2591 uno
839 2517 1026 2615 eodemque
1047 2519 1120 2589 hos·

98 2629 170 2723 pitio
188 2628 308 2700 diutius
326 2629 505 2720 immorari,
523 2629 734 2698 festinationis
750 2627 877 2698 intuitu.

139 2733 199 2806 Sed
215 2737 301 2806 inter
312 2734 373 2806 hec
389 2735 455 2805 hoc
470 2735 567 2806 etiarn
585 2733 782 2824 notandum,
797 2730 889 2828 quod
905 2733 988 2802 illius
1006 2732 1120 2805 famosi

98 2843 208 2912 montis
226 2867 351 2914 nomen
372 2841 477 2940 grecis
493 2841 605 2911 litteris
623 2837 664 2910 lic
682 2863 834 2936 oporteat
851 2834 945 2908 scribi
961 2864 1020 2935 per
1038 2835 1069 2916 ,9
1086 2844 1120 2911 ὅ(

97 2946 282 3046 ulongum‚
304 2940 448 3046 θαβῶρ,
471 2947 576 3018 latinis
599 2973 677 3018 vero
694 2948 804 3019 litteris
830 2973 906 3017 cum
927 2947 1120 3042 aspiratione

98 3051 233 3146 Thabor,
251 3052 414 3151 produsla
428 3082 445 3124 0
458 3054 573 3126 littera.
592 3053 696 3126 Huius
714 3055 949 3152 orthographia
968 3048 1121 3124 vocabuli

98 3158 126 3228 in
143 3159 226 3231 libris
243 3162 418 3233 Grecitatis
437 3161 482 3232 est
499 3185 632 3259 reperta.

417 3453 532 3527 XXVI.
559 3458 610 3525 De
627 3455 791 3547 Damasco.

142 3646 319 3718 Damascus
346 3650 458 3719 civitas
484 3649 599 3747 regalis
623 3676 758 3748 magna,
783 3675 818 3721 ut
839 3651 989 3722 Arculfus
1016 3652 1120 3741 refert,

103 3753 152 3844 qui
168 3778 224 3848 per
237 3754 364 3850 aliquot
381 3754 559 3851 hospitatus
575 3757 618 3828 est
635 3756 702 3828 dies
716 3758 749 3828 in
763 3783 812 3846 ea,
832 3759 865 3828 in
880 3784 1000 3855 campo
1018 3756 1121 3854 polita

100 3855 171 3951 lato,
192 3861 306 3957 amplo
330 3886 499 3932 murorum
524 3864 567 3932 ess
589 3861 712 3935 ambitu
732 3867 970 3956 circumcinc‘la‚
992 3866 1121 3961 insuper

102 3966 190 4037 etiam
212 3967 331 4039 crebris
354 3966 490 4040 turribus
512 3971 726 4060 communita,
747 3971 887 4067 plurima
904 3995 992 4042 extra
1010 3997 1119 4042 muros

103 4070 132 4139 in
149 4075 280 4145 circuitu
298 4072 423 4147 habens
441 4076 572 4167 oliveta,
589 4103 691 4173 quam
705 4080 739 4148 &
756 4102 878 4174 magna
890 4075 1026 4148 flumina
1043 4103 1120 4172 qua-

131 4280 153 4314 a.
170 4266 205 4330 B,
220 4267 303 4331 seru,
319 4266 377 4335 xxiij
392 4295 425 4306 —
439 4269 465 4320 b.
485 4268 527 4335 L.;
541 4267 575 4322 al.
638 4269 726 4339 gunio,
740 4271 810 4322 Bern.
824 4268 968 4338 Burgamio.

103 4343 242 4414 monasterii.
258 4374 291 4386 -
310 4363 333 4398 c.
351 4347 388 4412 B.,
399 4349 448 4412 ed,
465 4348 490 4400 l„
513 4349 578 4401 Bur·

990 4498 1024 4550 ¹4
