3448 5718
482 482 514 554 xl
903 500 1123 554 omnmo.

473 717 586 806 scilicet
596 719 713 783 nimium
722 721 806 804 febre
820 720 986 783 laborantes.
1006 719 1070 784 Nec
1073 717 1152 806 satis
1156 720 1225 805 suit
1236 721 1327 805 noslro
1344 719 1391 784 W
1387 720 1521 784 illibaldo

473 813 583 901 sanbta
605 815 669 879 uidi
696 839 709 878 e
733 815 833 878 limina
856 815 1058 900 apostolorume
1076 816 1130 903 sed
1147 815 1286 901 confilium
1307 817 1371 878 iniit
1395 816 1520 903 Ierusa-

481 912 534 977 lem
549 913 681 992 adeundi,
695 935 729 975 ac
749 912 809 975 loca
824 913 886 991 illa,
908 910 972 999 Iesu
988 911 1095 994 Christi
1108 915 1171 976 vita
1185 937 1218 976 ac
1230 913 1351 999 poffione
1364 913 1519 993 celebrata,

477 1010 686 1096 perlustrandi.
713 1009 818 1074 Relicto
832 1011 943 1090 [ιἀινι,
965 1011 1068 1073 duobus
1088 1024 1197 1074 tantum
1216 1013 1407 1075 comitantibus
1421 1012 1520 1101 socies,

482 1108 577 1172 Roma
590 1107 716 1196 descefflt,
736 1108 897 1192 Neapolim,
910 1133 973 1172 mox
982 1107 1104 1190 Regium
1112 1109 1194 1193 petit,
1208 1132 1242 1171 ac
1255 1132 1359 1172 navem
1369 1111 1518 1194 AEgyptia·

483 1230 545 1270 com
559 1204 721 1293 conscendit,
737 1205 881 1270 Orientem
896 1207 1036 1270 edinerus.

525 1305 680 1384 Pataram,
701 1304 796 1388 Lyciae
811 1307 918 1382 urbem,
936 1327 998 1366 onor
1012 1305 1154 1382 advectus,
1169 1303 1281 1367 hiemem
1296 1319 1379 1368 totam
1400 1307 1441 1370 ibi
1452 1331 1517 1370 con·

475 1401 666 1490 sumpserunt
672 1400 792 1488 santius
806 1399 917 1488 eiusque
923 1401 997 1490 socij
1016 1425 1089 1464 auno
1104 1419 1250 1485 722·723;
1271 1427 1352 1466 enare
1368 1405 1455 1468 denuo
1471 1408 1517 1467 in-

479 1502 576 1587 greffi‚
583 1501 668 1564 bieme
675 1501 809 1579 intrante,
810 1500 919 1584 festum
933 1496 1051 1585 Pascbae
1060 1497 1157 1582 Paphi
1162 1500 1191 1561 in
1198 1500 1290 1583 Cypro
1300 1498 1395 1587 insula
1401 1519 1520 1585 egerunt

485 1601 524 1683 (p.
536 1608 615 1682 257).
630 1598 724 1660 Serius
734 1595 865 1684 Emesam
877 1597 996 1676 advecti,
1010 1598 1144 1660 nonnulla
1159 1597 1199 1659 ibi
1211 1597 1290 1660 mala
1300 1600 1517 1687 perpefflsuntf

485 1699 583 1781 quippe
592 1699 648 1779 qui,
663 1719 746 1778 quum
757 1719 797 1757 cos
807 1696 994 1778 exploratores
1008 1693 1062 1778 effe
1067 1691 1290 1781 suspicarentur
1304 1697 1421 1779 regionis
1430 1700 1517 1782 prin·

484 1795 566 1878 cipes,
582 1795 611 1856 in
625 1816 767 1857 carcerem
777 1793 966 1855 detruduntur
970 1823 982 1864 ,·
998 1815 1016 1854 a
1032 1813 1092 1873 quo,
1106 1792 1266 1854 interventu
1279 1791 1425 1880 cuiusdam
1436 1795 1515 1884 His-

481 1895 555 1976 pani
565 1895 708 1976 apostata,
724 1891 845 1968 liberati,
860 1886 1016 1975 Ierusalem
1032 1889 1143 1952 tandem
1155 1891 1251 1951 urbem
1262 1890 1401 1976 sanctam,
1414 1895 1517 1958 diutius

485 2005 619 2075 optatam,
638 1991 819 2068 devenerunt,
840 2011 914 2050 anno
927 2005 996 2070 724,
1014 1984 1105 2073 mense
1124 1990 1270 2050 novembri
1291 1990 1378 2063 (infra
1392 2006 1422 2075 p.
1438 1995 1517 2076 263).

434 2092 439 2101 '
486 2089 548 2152 Hic
565 2089 612 2152 W
608 2089 754 2152 illibaldus
767 2089 856 2168 noster
866 2089 960 2149 morbo
973 2085 1138 2168 corripitur,
1155 2108 1206 2168 quo
1218 2088 1289 2168 fere
1302 2088 1407 2153 duobus
1419 2093 1517 2177 menst-

487 2191 536 2252 bus
549 2187 704 2251 loboravit.
721 2185 836 2249 Annum
851 2202 909 2268 725
924 2185 953 2248 in
963 2185 1154 2269 peragrando
1174 2184 1332 2267 Palestina
1346 2187 1517 2276 consumpstt,

486 2300 567 2369 atque
587 2288 615 2348 in
631 2288 700 2349 urbe
713 2282 821 2370 santio
842 2299 898 2346 tota
918 2283 1002 2346 bicone
1023 2307 1050 2346 a.
1065 2284 1198 2365 725-726
1214 2285 1372 2348 demoratus
1386 2287 1431 2370 ιβ.
1448 2286 1517 2349 Inde

489 2384 597 2468 Tyrum
604 2385 721 2462 rediens,
730 2405 834 2445 navem
843 2381 1043 2470 conscendit&
1047 2383 1107 2466 post
1114 2381 1223 2463 longam
1231 2383 1422 2467 difficilemque
1429 2385 1517 2447 navi·

483 2485 631 2568 gotionem,
642 2481 900 2568 Constantinopolim
910 2481 988 2542 circa
999 2476 1117 2564 mensem
1127 2481 1273 2558 martium,
1287 2504 1360 2543 anno
1370 2483 1437 2566 726,
1449 2496 1517 2565 per-

488 2583 575 2660 venit,
599 2579 647 2642 ubi
668 2581 734 2643 duos
752 2599 838 2641 annos
857 2576 1032 2640 continuavit
1050 2576 1140 2656 (infra
1153 2590 1185 2658 p.
1206 2578 1285 2660 272).
1308 2577 1385 2640 Αιιηι
1404 2579 1517 2660 denique

488 2698 545 2764 729
573 2678 689 2742 Italiam
716 2674 851 2763 reuersus
879 2699 940 2738 cum
970 2674 1074 2736 nuntiis
1101 2688 1189 2757 papae
1218 2689 1302 2756 atque
1327 2676 1515 2760 imperatoris,

487 2790 619 2839 autumno
636 2775 722 2838 medio
736 2773 866 2837 Mentem
880 2772 1012 2858 Castrum
1027 2771 1108 2849 adiit,
1122 2771 1171 2832 ubi
1191 2772 1379 2836 monachalem
1391 2773 1517 2837 habitum

487 2871 641 2960 resumpfit.
662 2873 765 2955 Septem
787 2872 845 2934 iam
860 2885 944 2934 erant
956 2868 1041 2953 elapst
1059 2868 1138 2946 anni,
1160 2892 1192 2930 er
1206 2891 1257 2951 quo
1276 2893 1295 2931 a
1308 2869 1403 2933 Roma
1416 2871 1517 2961 desces-

478 2973 573 3059 serat.
595 2971 698 3033 Decem
717 2969 813 3032 exinde
834 2990 919 3031 annos
937 2968 966 3028 in
984 2966 1087 3030 Monte
1103 2963 1202 3050 Coſsno
1218 2967 1382 3048 permonstt
1401 2969 1519 3053 de'roersts

488 3069 582 3156 officiis
604 3082 662 3131 tans
687 3068 767 3150 apud
783 3065 977 3150 monasterium
1002 3087 1087 3146 quam
1108 3063 1189 3145 apud
1199 3060 1376 3148 subiacentes
1396 3065 1518 3150 ecclefias

486 3166 631 3250 implendis
637 3197 649 3238 ,-
667 3187 739 3228 anno
758 3165 868 3226 tandem
882 3181 951 3247 739,
972 3184 1055 3243 quum
1073 3159 1195 3224 Romam
1215 3161 1342 3245 neniffet,
1365 3161 1519 3246 Gregorius

486 3279 566 3348 popa
585 3262 641 3326 III
648 3259 740 3348 ipsum
754 3261 874 3324 comitem
888 3261 913 3347 s
928 3259 1087 3342 Bonisocio‚
1100 3257 1149 3338 qui
1160 3256 1351 3340 Evangelium
1367 3258 1520 3324 Germanis

489 3361 579 3424 adleuc
590 3359 714 3443 paganis
727 3372 791 3420 tunc
801 3355 992 3441 predicabat,
1005 3353 1166 3439 destinauit.
1184 3353 1298 3416 lubente
1312 3379 1376 3438 ergo
1383 3357 1519 3442 pontifice,

487 3457 656 3522 Bavariam
677 3457 759 3535 adiit,
785 3457 835 3518 ubi
859 3452 998 3541 episcopus
1022 3450 1208 3534 Eicblletenſss
1232 3450 1349 3534 effectm,
1372 3455 1519 3540 apostolica

485 3555 687 3640 predicatione
701 3555 838 3638 relquom
852 3554 944 3616 vitam
958 3549 1129 3638 consumpſst.
1143 3565 1153 3598 ¹

529 3653 645 3717 Praeter
666 3652 775 3730 codices,
789 3673 853 3733 quos
868 3650 978 3735 priores
992 3647 1087 3735 secuti
1097 3644 1174 3733 sunt
1185 3648 1307 3728 editores,
1322 3651 1404 3711 etiam
1423 3649 1455 3716 V
1451 3651 1518 3713 alli·

489 3751 613 3830 celbano,
633 3748 761 3836 :begienst
771 3752 805 3813 El
821 3747 977 3833 Periſsenſs
995 3747 1130 3808 codicibus
1147 3745 1176 3808 in
1193 3746 1330 3833 prasenti
1348 3747 1460 3810 editione
1480 3748 1521 3832 ust

482 3848 593 3937 sumus.
619 3847 654 3910 ln
675 3847 779 3909 duobus
802 3845 905 3908 ultimis
929 3843 1058 3926 quadam
1080 3843 1195 3932 desunt‚·
1216 3865 1287 3905 unus
1306 3845 1376 3905 euim
1396 3858 1521 3906 tanmm-

488 3946 565 4008 modo
598 3943 725 4028 capitulo
755 3944 793 4006 X
790 3941 989 4019 Ill-XXIX,
1018 3940 1095 4003 alter
1124 3939 1250 4022 capitula
1270 3942 1361 4003 omnia
1378 3937 1464 4026 usque
1482 3943 1525 4005 ad

528 4123 538 4157 ι
554 4103 650 4156 Itineris
665 4107 688 4156 S.
698 4101 838 4156 Wsllibaldi
852 4099 972 4154 recensio·
1037 4101 1177 4170 Jahsgang‚
1213 4107 1288 4166 1877,
1311 4119 1354 4173 pp.
1378 4117 1476 4166 97·¹⁰4
1496 4099 1519 4150 δι

490 4179 972 4254 nemquumduminveniesinaffiuqui·
1041 4197 1162 4250 ¹²9·137·

491 4261 970 4331 buotituluscDasHeiligeLand,XX1.
