3396 5708
954 541 1060 636 (395)

634 766 742 838 impetus
751 767 873 834 letificat,
884 787 942 838 que
951 767 975 822 in
986 780 1073 822 monte
1082 768 1127 822 lita
1135 768 1211 822 celati
1221 786 1271 822 non
1280 770 1364 838 poteli
1376 811 1382 821 .
1396 809 1401 822 .
1413 811 1419 822 .
1434 769 1524 840 Neque

635 865 695 901 vero
704 847 753 901 hoc
761 847 855 912 dicens,
868 848 1042 917 memetipsum
1054 849 1224 901 inconstantia
1234 849 1369 918 redarguo,
1379 851 1524 918 damnoque

635 928 705 997 quod
718 927 792 993 facio,
811 941 839 981 ut
851 928 937 981 lrullra
950 929 1036 982 videar
1056 929 1092 981 ad
1105 929 1244 998 exemplum
1264 929 1402 982 Abraham
1415 931 1441 981 lt
1456 946 1525 982 meos

636 1010 660 1059 δι
669 1007 773 1078 patriam
784 1007 915 1078 reliquisse,
929 1008 968 1062 led
985 1026 1034 1062 non
1046 1009 1128 1062 audeo
1138 1009 1187 1062 Dei
1195 1007 1406 1078 omnipotentiam
1419 1009 1525 1078 anysio

635 1086 684 1141 fine
696 1087 853 1154 concludere,
872 1089 897 1140 dt
909 1089 1035 1140 cotrilate
1047 1106 1125 1158 parvo
1147 1099 1220 1141 terrae
1231 1089 1289 1141 looo
1301 1106 1379 1157 quem
1393 1106 1445 1142 non
1458 1089 1526 1160 capit

636 1166 729 1219 coslum
744 1206 766 1219 ..
778 1207 783 1218 .
802 1165 891 1220 Crucis
902 1167 1013 1236 igitur&
1028 1167 1225 1221 Resurrediionis
1237 1169 1292 1220 loca
1305 1169 1410 1238 prosunt
1423 1167 1471 1234 luit,
1482 1169 1525 1238 qui

637 1257 740 1316 portant
756 1263 855 1300 crucem
872 1247 940 1300 suam
962 1248 987 1299 de
1013 1264 1070 1299 cum
1086 1248 1185 1300 Chrillo
1202 1249 1333 1318 resurgunt
1344 1247 1470 1316 quotidie,
1482 1247 1525 1316 qui

636 1325 728 1395 dignor
740 1327 765 1379 se
781 1339 853 1379 tanto
868 1327 985 1379 exhibent
1002 1327 1148 1380 habitaculo
1164 1367 1170 1378 .
1184 1367 1208 1379 ..
1227 1369 1232 1380 .
1255 1327 1387 1380 Antonius
1398 1330 1424 1380 lt
1437 1327 1526 1379 cuo&

638 1405 737 1476 ἰωή
747 1408 770 1458 dt
780 1405 965 1476 Mesopotamia,
980 1407 1053 1473 Ponti,
1067 1407 1225 1476 Cappadocia
1237 1408 1260 1459 dt
1275 1406 1398 1461 Armenio
1412 1407 1526 1460 tumim

635 1487 814 1539 monachorum
836 1503 886 1538 non
909 1485 1023 1539 viderunt
1035 1487 1209 1556 lerosolymam,
1230 1489 1253 1539 ts
1272 1499 1359 1556 patent
1373 1486 1421 1540 illis
1434 1487 1527 1555 absque

637 1567 684 1620 hac
694 1568 755 1619 urbe
764 1566 872 1619 Paradili
882 1567 970 1619 ianuae.
984 1567 1077 1619 Beatus
1087 1567 1209 1634 Hilarion,
1219 1585 1297 1637 quum
1308 1567 1457 1621 Palaeliinus
1468 1565 1526 1620 effes

638 1648 661 1699 it
677 1648 702 1698 in
715 1645 847 1699 Palaestina
863 1645 966 1712 viveret,
986 1663 1037 1699 uno
1055 1659 1153 1698 tantum
1171 1647 1212 1700 die
1228 1647 1290 1700 vidit
1305 1647 1481 1715 lerosopm,
1500 1661 1526 1700 ut

638 1741 685 1777 nec
692 1737 853 1778 contemnere
866 1725 927 1778 Loca
936 1727 1026 1779 Sancto
1039 1737 1142 1796 propter
1151 1725 1277 1794 viciniam,
1290 1743 1337 1779 nec
1346 1727 1429 1778 rursus
1439 1726 1526 1779 Domi·

638 1823 699 1858 num
718 1804 776 1857 loco
797 1804 913 1858 claudere
925 1805 1060 1858 videretur.
1084 1807 1131 1858 Ab
1145 1805 1267 1858 Hadriani
1281 1806 1440 1876 tempon'bus
1453 1806 1526 1874 usque

638 1885 671 1937 ad
683 1883 816 1954 imperium
830 1884 997 1952 Constantini,
1015 1902 1058 1954 per
1070 1903 1149 1938 annos
1162 1885 1261 1938 circiter
1274 1899 1375 1938 centurn
1389 1887 1527 1956 otloginta,

638 1967 663 2018 in
681 1965 739 2016 loco
755 1964 951 2018 Resurreilionis
964 1965 1121 2019 simulacrum
1134 1967 1210 2032 lotia,
1231 1965 1255 2017 in
1273 1967 1361 2021 Crucis
1374 1983 1437 2036 rupe
1451 1967 1527 2018 llatoa

639 2064 670 2099 ex
693 2062 818 2097 marmore
829 2045 930 2098 Veneris
949 2064 965 2097 a
983 2045 1101 2116 gentibus
1122 2045 1201 2116 posita
1218 2045 1369 2110 celebratur,
1390 2045 1527 2099 en'stimau·

639 2126 707 2178 tibus
717 2122 892 2195 persecutionis
902 2125 1056 2190 audioribus,
1067 2127 1137 2194 quod
1147 2125 1262 2180 tollerent
1272 2125 1344 2178 nobis
1354 2125 1432 2178 fidem
1441 2125 1528 2179 Resur-

639 2204 755 2259 rectionis
767 2205 790 2256 it
801 2205 900 2270 Crucis,
913 2203 929 2257 si
942 2207 1005 2258 loca
1012 2208 1102 2260 Sentio
1111 2224 1154 2276 per
1163 2205 1229 2258 idola
1243 2205 1395 2276 polluissentz
1410 2205 1529 2258 oetttee·

640 2302 706 2337 nunc
718 2283 836 2350 nostram,
857 2285 882 2336 ds
895 2284 1089 2354 augustissimum
1106 2286 1175 2337 orbis
1190 2285 1283 2350 locum,
1294 2285 1327 2338 de
1339 2303 1392 2354 quo
1406 2285 1528 2338 Psalmifla

640 2364 718 2418 canit:
730 2385 740 2410 t
750 2361 887 2416 Veritosde
896 2373 966 2416 terro
978 2375 1033 2418 orto
1045 2365 1078 2433 est
1090 2385 1100 2414 s
1115 2364 1289 2432 (Psuotxrv,
1302 2364 1356 2433 ro),
1370 2365 1442 2417 lucus
1451 2364 1529 2418 inum

640 2444 731 2496 beabat
743 2442 870 2508 Thamus,
891 2441 917 2495 id
935 2444 971 2496 esi
988 2443 1128 2509 Adonidis,
1148 2446 1173 2497 dt
1188 2444 1214 2496 in
1232 2443 1316 2512 specu,
1340 2441 1386 2496 ubi
1402 2445 1529 2513 quondan

641 2521 751 2577 Cluilius
764 2522 880 2591 parvulus
892 2521 981 2593 vagiit,
992 2524 1093 2576 veneris
1105 2522 1210 2576 amasos
1223 2523 1401 2592 plangebatur.

678 2603 752 2668 Confi,
761 2601 883 2670 inquient,
904 2601 960 2656 hec
973 2613 1027 2654 tam
1039 2603 1118 2674 longo
1130 2601 1234 2672 repetita
1246 2601 1392 2672 principio?
1409 2601 1531 2656 Videlicet

641 2701 671 2736 ne
692 2681 830 2751 quidquam
852 2680 910 2734 fidei
932 2693 982 2736 tue
1004 2681 1087 2736 deed'e
1108 2694 1190 2751 putes,
1211 2683 1271 2753 quia
1293 2681 1464 2752 lerosolymam
1483 2697 1530 2734 nou

641 2761 739 2829 vidisti,
752 2778 797 2813 nec
810 2777 856 2812 nos
868 2761 962 2814 idcirco
976 2761 1090 2816 mellores
1103 2761 1216 2827 aellimes,
1229 2761 1299 2831 quod
1312 2761 1386 2814 huius
1400 2762 1450 2814 loci
1463 2759 1532 2814 balsi-

641 2841 726 2897 taculo
738 2839 842 2894 fruimur
853 2881 859 2894 .
870 2882 875 2894 .
886 2879 910 2893 ..
931 2841 955 2895 si
970 2842 1096 2896 Crucis&
1111 2842 1308 2895 Resonetttonis
1321 2841 1378 2894 loca
1391 2859 1444 2894 non
1458 2841 1532 2894 essent

641 2923 666 2975 in
679 2923 741 2974 urbe
753 2920 926 2986 celeberrima,
944 2923 969 2974 in
981 2939 1032 2992 qua
1044 2920 1122 2988 curia,
1142 2921 1169 2974 in
1181 2939 1232 2990 qua
1244 2920 1303 2974 aula
1316 2919 1435 2986 utilitum,
1447 2921 1472 2973 in
1484 2937 1533 2990 qua

642 3004 731 3067 scorta,
743 2999 821 3066 mimi,
840 3000 928 3055 scurrae
941 3003 966 3054 ds
978 3001 1062 3054 omnia
1077 3002 1142 3066 sunt,
1153 3019 1211 3070 quas
1224 3001 1303 3054 solent
1315 3007 1340 3053 ln
1352 3000 1454 3054 ceteris
1466 2997 1532 3052 uriti-

642 3085 697 3147 bus,
707 3081 744 3134 vel
755 3080 772 3132 fi
782 3081 965 3134 monachorum
976 3081 1055 3134 turbis
1066 3081 1226 3135 solummodo
1235 3079 1446 3151 frequentaretur,
1458 3097 1530 3149 expe·

643 3162 747 3216 tendum
754 3177 846 3213 'revera
855 3159 1025 3214 hrriusoeroodi
1035 3160 1130 3214 conciis
1141 3160 1269 3214 monachis
1279 3157 1340 3212 effet
1349 3159 1529 3213 musaeum.

643 3245 717 3296 Nunc
738 3257 799 3294 vero
821 3240 924 3294 summe
946 3241 1053 3296 stultitiae
1071 3242 1105 3294 est
1117 3241 1266 3294 renunciare
1287 3239 1385 3306 saeculo,
1406 3239 1531 3291 dimittere

642 3321 761 3393 patriam,
782 3320 855 3372 urbes
869 3320 990 3388 deserere,
1013 3322 1164 3374 monachum
1178 3319 1300 3391 profiteri,
1311 3321 1335 3371 tc
1347 3319 1414 3372 inter
1427 3318 1531 3374 maiores

643 3401 749 3475 populos
761 3397 865 3471 peregre
876 3401 968 3466 meere,
986 3420 1064 3472 quam
1078 3419 1133 3455 eras
1145 3401 1255 3454 vietum
1272 3399 1296 3452 in
1309 3398 1398 3469 patria
1420 3401 1462 3454 De
1475 3411 1532 3452 toto

642 3481 692 3534 huc
712 3479 774 3534 orbe
785 3479 950 3532 concurritur,
974 3481 1052 3534 Plena
1071 3481 1104 3534 est
1117 3478 1206 3534 civitas
1219 3478 1322 3532 universi
1336 3479 1437 3550 generis
1449 3478 1531 3532 homi·

643 3577 712 3628 num,
737 3561 762 3612 de
784 3570 853 3611 tanta
871 3559 998 3630 utriusque
1020 3562 1089 3614 sexus
1108 3559 1267 3629 constipatio,
1288 3571 1318 3612 ut
1338 3559 1409 3628 quod
1431 3559 1491 3612 alibi
1502 3577 1531 3612 ea

644 3653 714 3712 parte
726 3637 850 3708 fugiebas,
862 3639 902 3692 hic
914 3651 997 3693 totum
1011 3641 1124 3693 sustinere
1136 3639 1235 3710 cogaris
1249 3679 1254 3689 .
1270 3679 1275 3689 .
1290 3679 1296 3690 .

680 3772 715 3836 [S.
728 3768 907 3841 Hieronymus,
920 3767 1023 3840 Epistola
1035 3769 1128 3833 Lvffl²
1140 3769 1177 3819 ad
1189 3767 1326 3833 pah-m,
1341 3769 1380 3820 m
1392 3767 1533 3835 W

644 3857 1164 3927 mlitMigne,roo.to.,xx11,c.
1183 3855 1267 3926 ,sqq

509 4048 567 4097 395.
589 4029 755 4082 Aumocurs
775 4039 809 4078 na
828 4027 939 4078 fluuius
958 4037 1121 4076 cosroen-on

683 4177 694 4207 t
710 4160 779 4211 Ecce
797 4153 843 4209 tibi
863 4173 931 4208 anno
943 4153 1072 4225 preterito
1094 4171 1125 4207 ea
1142 4151 1238 4207 ultimis
1250 4149 1353 4220 cottofl
1369 4147 1474 4220 nrpibrts
1485 4149 1531 4202 iot·

646 4239 707 4293 midi
729 4241 753 4292 in
775 4255 829 4306 nos,
851 4254 900 4291 non
917 4236 968 4290 iam
981 4234 1092 4300 Aratio,
1115 4235 1156 4288 sed
1179 4231 1351 4303 septentrionis
1367 4229 1430 4301 lupi,
1450 4242 1532 4282 tantas

646 4317 713 4373 brevi
726 4316 865 4391 provincias
881 4325 1062 4388 percurrerunt
1076 4315 1147 4374 Quot
1160 4311 1308 4368 mulieris
1319 4317 1415 4381 captat
1431 4321 1531 4379 quante
