3390 5720
523 489 571 584 76
922 506 1159 559 Tnnonosrus

523 730 646 802 Pharao
662 727 827 820 manebat,
845 727 901 802 ubi
914 733 949 801 ἃ
963 727 1076 825 Ioseph
1089 730 1124 799 in
1138 753 1301 800 carcerem
1314 723 1426 798 missus
1440 723 1495 796 est.
1509 721 1554 794 Ibi

334 853 470 929 Mpnastefit
523 837 596 909 sunt
612 834 680 908 duo
698 844 886 931 monasteria,
905 862 1008 908 unum
1028 835 1252 933 religiosarum
1269 833 1464 906 ancillarum
1479 833 1553 922 Dei,

315 917 494 1042 s'sfll‘ssffijf‘
523 942 611 1016 aliud
629 945 673 1016 est
689 943 942 1036 monachorum,
961 943 1026 1014 hoc
1043 943 1099 1035 est,
1111 947 1216 1039 sandi
1237 946 1391 1014 Hieremt‘e
1407 941 1554 1036 &sandi

523 1053 691 1147 ospollont'j
708 1052 874 1122 emeritae

313 1189 423 1250 amyton.
571 1160 602 1228 Α
620 1157 788 1230 Ierusalem
805 1160 905 1256 usque
919 1160 1101 1252 Ilubylonem
1118 1158 1190 1230 sunt
1202 1155 1387 1230 mansiones
1401 1153 1552 1227 sedecim.

314 1289 417 1337 uranu.
522 1268 575 1338 De
588 1265 757 1336 Ierusalem
771 1267 805 1336 in
817 1264 963 1360 Eluputlrb
979 1263 1164 1337 mansones
1180 1289 1253 1357 tres,
1271 1263 1313 1336 de
1326 1260 1553 1335 Glutiarinalia

522 1369 705 1445 mansones
726 1374 860 1471 septem,
887 1398 967 1469 quas
985 1371 1170 1445 Alexander
1187 1373 1327 1471 Magnus
1348 1367 1493 1442 Macedo
1510 1368 1553 1440 sa·

522 1478 668 1552 bricavit.

571 1586 649 1659 Inde
668 1587 768 1684 usque
786 1589 819 1659 in
836 1615 963 1660 muntem
980 1592 1070 1660 Sinai
1087 1585 1270 1660 mansiones
1297 1586 1371 1657 sunt
1398 1608 1554 1681 quatuor·

523 1694 639 1768 decim.
657 1696 700 1786 Si,
714 1695 972 1793 compenduaria
981 1721 1040 1792 per
1050 1696 1223 1793 Egyptum,
1237 1694 1376 1768 volueris
1388 1691 1557 1765 ambulare

522 1827 581 1898 per
597 1829 756 1895 eremum,
772 1800 956 1875 mansores
973 1803 1047 1874 sunt
1061 1803 1179 1900 viginti
1195 1801 1278 1872 sex!
1293 1805 1382 1872 quta
1405 1825 1557 1874 montem
1677 1833 1678 1836 ¹

313 1922 405 1984 Erum.
521 1909 598 1980 Sina
614 1916 739 2004 Ephron
759 1907 815 1980 ubi
832 1911 959 2003 Moyses
976 1909 1139 2008 pugnavit
1156 1933 1233 1979 cum
1249 1906 1454 1981 Abimelech.

490 2028 495 2038 '
570 2017 717 2090 XXXIX.
746 2021 779 2088 In
797 2015 919 2088 Arabia
936 2017 1010 2088 sunt
1025 2023 1176 2104 civitates,
1204 2040 1286 2111 quas
1303 2013 1458 2086 destruxit
1477 2016 1557 2087 Iesus

313 2138 492 2187 erammu-
522 2121 648 2213 Nave,s
663 2129 694 2194 in
711 2129 817 2218 quibus
834 2123 1014 2196 manebant
1027 2128 1206 2212 osmorrltet',
1227 2125 1370 2218 Plereset'
1385 2124 1421 2193 δι
1439 2126 1556 2217 Gerge-

312 2201 349 2250 [Μ
365 2202 487 2249 d‘stmffi'
513 2233 577 2325 sei,
596 2227 763 2321 tredecim,
780 2228 814 2301 id
831 2230 886 2321 est,
903 2230 1222 2324 vinna,v01umta‚
1248 2226 1398 2318 Medeva,
1424 2227 1555 2322 Musica,

522 2334 752 2432 Philadelphia,
765 2336 899 2426 Gerasa,
910 2340 1055 2430 Genara,
1065 2334 1240 2430 Vostrada,
1252 2336 1444 2436 Mascogna,
1454 2338 1555 2430 Dara,

521 2443 631 2534 Avila,
647 2442 824 2539 Capitolia,
842 2443 962 2516 Astra„e

567 2549 701 2620 XXXX.
736 2547 788 2636 (Et
813 2551 890 2646 quia
916 2551 999 2644 sunt,
1026 2552 1082 2649 qui
1110 2558 1254 2624 terminus
1282 2555 1313 2624 ‘l'
1310 2579 1375 2624 erre
1400 2555 1513 2624 Suada
1536 2580 1555 2624 a

519 2655 671 2726 Domino
696 2656 857 2728 institutos
879 2659 1036 2751 nesciunt,
1057 2658 1194 2732 audiant
1214 2661 1401 2732 Dominum
1422 2657 1554 2732 Abrahe

520 2763 677 2835 terminos
694 2763 910 2836 Promiffionis
927 2763 1074 2838 delinisse
1100 2793 1120 2838 a
1144 2763 1280 2838 flumine
1308 2765 1425 2864 Egypti
1453 2767 1553 2863 usque

519 2867 563 2942 ad
579 2870 771 2967 Euphraten,
788 2875 823 2943 ἃ
845 2865 989 2969 populos
1012 2876 1080 2944 eius
1103 2873 1298 2946 nominavit.
1327 2873 1426 2945 Porto
1444 2872 1553 2966 Iacob,

519 3001 597 3048 cum
629 2975 800 3075 egrediens
831 3005 851 3050 a
881 2979 1134 3075 Mesopotamia,
1166 2978 1222 3053 ubi
1252 2980 1403 3054 servierat
1433 2979 1553 3073 laban,

520 3081 751 3156 transvadasset
767 3081 940 3157 Iordanem
961 3087 995 3155 in
1019 3083 1139 3158 baculo
1157 3087 1228 3179 suo,
1254 3085 1309 3158 ubi
1326 3111 1414 3160 nunc
1437 3086 1555 3159 dicitur

292 3209 295 3218 ·
312 3213 405 3260 vnum
417 3213 491 3262 neoc.
519 3193 626 3260 vadum
638 3189 767 3280 Iuboc,s
778 3215 951 3262 occurrens
965 3192 1040 3263 Esau
1053 3191 1123 3265 fixit
1137 3192 1356 3286 tabernacula,
1369 3190 1425 3264 ubi
1438 3195 1554 3268 civitas

312 3321 418 3372 soccoth.
520 3295 566 3368 est
581 3300 605 3365 S
606 3304 721 3387 orcotlt,
740 3296 833 3394 quod
850 3299 945 3370 sonat
961 3297 1198 3399 tabernacula.)

837 3527 887 3591 De
904 3526 955 3592 νία
963 3524 1105 3613 filiorum
1121 3527 1227 3619 Israel.

566 3685 682 3774 (Unde
695 3713 771 3760 cum
785 3686 914 3762 eruisset
927 3690 1049 3762 Pharao
1063 3692 1225 3789 populum
1241 3694 1342 3786 Iliad,
1356 3719 1425 3766 non
1440 3693 1553 3766 eduxit

408 3817 412 3826 ·
518 3818 576 3866 eos
594 3795 721 3888 Moyses
739 3823 798 3894 per
815 3796 1013 3887 Palestinam‚
1031 3823 1095 3893 que
1116 3801 1321 3872 contermina
1335 3801 1389 3871 ‘est
1411 3801 1552 3899 Egypto,

518 3926 653 3998 propter
670 3904 841 4000 antiquam
860 3905 1042 3976 molestiam
1057 3907 1091 3976 δι
1106 3903 1221 3976 odium
1233 3930 1376 4003 patrum,
1393 3935 1436 3980 ne
1450 3909 1551 3980 insur-

553 4085 575 4120 ι
603 4069 639 4133 V,
663 4069 699 4134 L..
720 4071 792 4140 luva
814 4073 839 4126 P.
856 4088 925 4125 mon.
940 4072 1002 4137 duo,
1102 4075 1125 4125 b.
1141 4075 1226 4126 Luta?
1239 4103 1272 4113 —
1285 4089 1307 4128 a
1319 4075 1354 4140 L.‚
1368 4074 1431 4129 Lov.
1445 4093 1503 4129 xxv.
1518 4107 1551 4117 —

518 4164 582 4199 unus
595 4166 609 4201 e
622 4149 748 4218 religionis
762 4151 1001 4218 Wandalorum&
1066 4154 1092 4206 d.
1116 4155 1189 4220 lav,
1203 4155 1228 4206 L
1248 4155 1293 4208 Ies.
1313 4155 1388 4220 varie,
1416 4158 1442 4209 Ρ.
1463 4156 1552 4210 Hiesa-

518 4226 580 4280 alius
599 4229 776 4284 Romanorum
796 4232 960 4302 (Graecorum
969 4233 1002 4298 t),
1066 4251 1138 4287 nave.
1159 4262 1191 4272 -
1218 4252 1239 4287 e.
1269 4236 1310 4300 P.,
1327 4234 1372 4288 vis
1385 4237 1458 4304 strae
1470 4235 1552 4304 legere

518 4308 567 4362 hoc
581 4309 614 4362 est
629 4310 816 4364 Wandalorum
834 4312 851 4365 s.
868 4311 1004 4379 Hieremia,
1067 4313 1207 4380 Medebah,
1229 4314 1321 4380 Gerar,
1347 4315 1445 4380 Bostra,
1468 4317 1550 4383 Dora,

519 4390 694 4443 Romanorum
710 4391 727 4444 s.
741 4391 873 4462 Apollonij
893 4392 1002 4448 eremite.
1067 4393 1306 4458 salientium.
1317 4394 1375 4448 -s
1391 4394 1440 4448 Ms.
1452 4396 1550 4450 laboth.
