3390 5720
520 518 685 572 SANCTAE
703 517 854 572 nauum.
1157 520 1200 600 35

164 747 272 813 nolle
286 741 457 840 vigilantes
473 737 584 812 audire
603 765 805 812 metuerunt:
825 741 935 811 Gloria
953 745 983 810 in
1001 741 1119 837 excelfis
1131 746 1199 812 Deo

163 852 199 921 ἃ
214 854 312 946 super
335 875 444 920 terram
463 877 526 946 pax
546 850 716 918 staminibus
736 851 809 918 bone
830 850 1002 920 voluntatis.
1043 849 1200 941 Dumque

168 959 299 1030 servant
314 981 404 1045 oves,
417 956 610 1028 invenerunt
623 979 749 1053 agnum
763 956 826 1025 Dei
842 980 925 1050 puto
942 956 977 1026 δε
991 951 1199 1025 mundissimo

165 1063 296 1155 vellete,
313 1058 406 1157 quod
423 1062 457 1132 in
479 1059 629 1132 ariditate
650 1063 750 1132 totius
776 1085 858 1133 terre
873 1061 986 1134 'celesti
1013 1086 1085 1132 tore
1106 1085 1200 1131 com·

168 1171 296 1268 pletum
313 1169 368 1260 est,
387 1169 422 1237 oc
439 1169 530 1238 cuius
542 1169 670 1267 sanguis
685 1168 757 1238 tulit
770 1192 906 1265 peccata
920 1168 1034 1240 mundi
1048 1170 1083 1239 δε
1100 1193 1200 1241 exter-

170 1277 368 1347 minatorem
385 1272 510 1372 Egypti,
528 1273 624 1345 illitus
642 1275 676 1345 in
695 1272 849 1372 postibus,
868 1274 1004 1372 fugavit.

220 1381 260 1452 X.
288 1380 467 1475 Statimque
483 1380 616 1451 concito
635 1379 741 1478 gradu
759 1383 847 1478 cepit
871 1406 929 1477 per
945 1382 1034 1454 viam
1055 1405 1200 1454 veterem

167 1513 317 1586 pergere,
340 1511 406 1582 que
422 1485 511 1557 ducit
527 1489 659 1558 Gazam
676 1485 717 1558 ad
734 1488 919 1583 potentiam
936 1487 989 1560 vel
1007 1485 1050 1560 ad
1071 1486 1200 1561 divitias

167 1597 243 1687 Dei,
259 1597 294 1666 ἃ
307 1597 404 1668 tacita
417 1596 526 1668 secum
536 1595 678 1686 volvere,
689 1593 864 1691 quomodo
877 1595 1044 1668 eunuchus
1057 1595 1198 1693 ethiops,

165 1704 317 1798 gentium
334 1703 480 1800 populos
495 1701 706 1799 prefigutans,
723 1703 896 1774 mutaverit
906 1702 1028 1799 pellem
1044 1703 1146 1795 suam,
1164 1705 1199 1773 dc

167 1805 250 1878 dum
260 1835 351 1882 vetus
364 1811 478 1908 relegit
489 1810 749 1900 instrumentum,
760 1809 888 1881 fontem
901 1807 1196 1909 reperitlivangelii.

168 1917 280 2009 Atque
296 1916 374 1990 inde
390 1916 434 1990 ad
452 1916 600 1989 dextram
617 1914 738 1988 transiit
765 1917 906 2008 bethsur,
928 1919 964 1986 dt
986 1913 1084 1986 inde‘
1110 1918 1198 1988 venit
1222 1925 1403 2002 semimarcas.

166 2025 269 2117 fiscos,
283 2049 346 2118 que
363 2027 397 2096 in
411 2023 542 2096 botrum
558 2024 700 2096 vertitur.
716 2021 813 2095 Unde
827 2025 860 2093 in
878 2013 1100 2094 tessimonium
1117 2046 1198 2096 terre

168 2127 358 2202 fertiliffime
378 2135 413 2202 δε
436 2132 470 2202 in
493 2155 610 2227 typum
631 2131 708 2221 eius,
727 2131 783 2225 qui
802 2128 900 2201 dicit:
923 2131 1070 2202 Torcular
1083 2131 1199 2202 calcavi

164 2238 262 2325 solus,
275 2237 306 2308 se
317 2243 355 2309 de
368 2243 506 2335 gentibus
517 2265 575 2308 nott
588 2243 686 2330 <sivit
696 2265 818 2326 mecum,
834 2237 1054 2335 exploratores
1065 2234 1199 2309 bortum

166 2343 250 2414 mire
267 2342 502 2444 magnitudinis
518 2367 740 2442 portaverunt.

216 2449 269 2522 Xl.
294 2451 366 2524 Nec
387 2451 461 2549 post
481 2453 621 2550 longum
643 2452 784 2548 spatium
808 2452 939 2524 intravit
960 2451 1035 2524 Sare
1057 2450 1199 2544 cellulas,

166 2553 285 2629 videns
299 2557 496 2631 incunabula
509 2560 592 2630 lsaac
605 2560 640 2629 ἃ
653 2557 787 2655 vestigia
800 2583 938 2654 quercus
949 2558 1126 2652 Abrabam,
1140 2556 1198 2630 sub

168 2689 236 2760 qua
256 2663 339 2738 vidit
359 2665 449 2738 diem
468 2665 588 2738 Christi
610 2667 645 2736 ἃ
666 2665 781 2735 letatus
803 2665 856 2736 est.
895 2667 1006 2761 Atque
1022 2663 1100 2737 inde
1117 2691 1197 2738 con·

167 2774 303 2871 surgens
319 2775 464 2847 ascendit
476 2779 607 2847 Hebron.
623 2776 696 2846 Hec
713 2774 758 2846 est
770 2771 995 2866 Cariatharbe,
1010 2771 1046 2844 id
1064 2773 1118 2864 est,
1138 2801 1197 2872 op·
1227 2799 1328 2847 neuton.

166 2880 287 2976 pidum
300 2883 446 2954 vitorum
459 2907 608 2977 quamor,
623 2879 802 2971 Abrabam,
820 2879 913 2973 Isaac,
928 2878 1024 2952 lacob
1040 2879 1197 2952 &Adam

166 2989 295 3086 magni,
308 3012 407 3083 quem
421 2986 466 3059 ibi
477 2987 660 3080 conditum,
675 2989 764 3060 iuxta
776 2984 895 3058 librum
916 2988 980 3058 lesu
999 2987 1104 3080 Nave,
1128 2988 1195 3060 He-

166 3091 241 3164 brei
253 3117 434 3185 autumant,
443 3095 519 3165 licet
530 3093 680 3192 plerique
689 3090 793 3166 caleb
808 3118 960 3190 quartum
969 3117 1097 3192 putant,
1107 3099 1196 3169 cuius

165 3227 208 3272 ex
225 3200 324 3271 latere
340 3202 501 3272 memoria
513 3203 717 3274 monstratur.
744 3204 805 3273 His
820 3201 982 3298 inspectis,
1001 3202 1106 3274 noluit
1121 3229 1195 3302 per·

163 3331 247 3404 gete
263 3303 306 3376 ad
326 3309 568 3403 cariathsepher,
594 3307 701 3400 idest,
731 3306 872 3380 viculum
892 3308 1081 3397 litterarum,
1107 3311 1195 3407 quia,
1225 3319 1399 3392 citatusque.

164 3437 383 3484 contemnens
406 3411 615 3486 occidentem
633 3414 786 3506 litteram,
804 3440 931 3512 repetat
947 3418 1096 3514 spiritum
1114 3417 1194 3490 vivi-

165 3519 330 3592 ficantem.
372 3521 542 3619 Magisque
564 3520 743 3594 mirabatur
763 3524 941 3620 superiores
961 3527 997 3594 dt
1026 3525 1195 3596 inferiores

165 3653 281 3724 aquas,
300 3653 381 3724 quas
398 3625 571 3720 Othoniel,
586 3628 669 3698 filius
687 3627 830 3726 lepbone
848 3629 971 3722 Kenez,
989 3656 1052 3728 pro
1069 3631 1195 3704 australi

165 3761 251 3808 terra
276 3737 312 3806 dc
338 3732 429 3805 arida
453 3731 649 3830 possessione
674 3735 907 3833 susceperat&
933 3763 1071 3834 quarum
1094 3736 1194 3810 duelu

164 3838 268 3912 ficcos
296 3841 412 3938 prioris
445 3841 649 3914 instrumenti
682 3867 779 3940 agros
810 3841 951 3914 faciebat
978 3844 1128 3942 irriguos,
1159 3869 1194 3917 ut

161 3946 405 4020 redemtionem
439 3973 585 4021 veterum
614 3973 826 4046 peccatorum
857 3951 892 4019 in
926 3951 1016 4046 aquis
1042 3948 1194 4051 baptismi

162 4057 324 4154 reperiret.

212 4162 278 4234 Xll.
304 4161 418 4233 Altero
437 4159 500 4254 die,
519 4184 595 4233 orto
611 4164 678 4234 iam
695 4164 773 4256 sole,
790 4163 874 4235 stetit
890 4164 923 4236 in
942 4164 1113 4263 supercilio
1132 4172 1192 4239 Ca·
1217 4189 1305 4252 capim
1331 4188 1400 4236 naru-

158 4276 240 4367 plar
256 4273 409 4359 sancta,
426 4267 461 4340 id
478 4268 534 4362 est,
546 4269 621 4342 ville
637 4268 888 4363 benedictionis,
903 4297 1003 4367 quem
1019 4271 1063 4344 ad
1079 4274 1192 4346 locum
1279 4249 1321 4299 ὼ

199 4430 224 4465 a.
246 4410 300 4464 Ms.
