3354 5706
470 535 521 590 oe
546 538 650 590 tocts
674 536 842 590 sancus.
1108 518 1169 614 163

127 757 317 830 medietate
334 783 402 829 non
416 784 516 854 parva
530 759 828 855 patetpertusura,⁶
844 784 904 854 per
920 784 1021 854 quam
1038 755 1175 853 desuper

127 890 255 962 aperta
270 873 395 960 vestigia
407 869 520 961 pedum
537 871 668 936 Domini
685 866 782 962 plane
804 868 839 936 ἃ
861 863 969 936 lucide
989 865 1023 934 in
1041 864 1174 961 pulvere

127 969 295 1068 impressa
308 970 578 1043 demonstrantur.
597 971 651 1042 illa
662 973 696 1041 in
709 970 799 1044 rotas
815 970 857 1043 ab
875 971 1072 1043 occidentali
1081 998 1174 1069 parte

129 1076 231 1174 quast
254 1076 397 1174 quedam
415 1078 541 1174 semper
557 1101 647 1174 patet
665 1103 771 1173 porta,
797 1103 833 1148 ut
854 1103 912 1174 pet
929 1103 1002 1148 eam
1018 1079 1173 1152 intrantes

131 1185 236 1256 facile
250 1183 338 1255 adire
350 1185 464 1256 locum
476 1185 589 1256 sacrati
602 1184 742 1280 pulveris
753 1183 884 1281 possint,
901 1188 936 1256 δι
952 1209 1011 1282 per
1024 1209 1173 1279 apertum

131 1291 281 1388 desuper
293 1290 438 1363 eiusdem
451 1315 522 1362 rote
538 1291 686 1362 foramen
699 1288 741 1362 de
758 1292 851 1362 sacro
865 1291 998 1387 pulvere
1018 1295 1172 1387 porredis

131 1397 294 1470 manibus
312 1397 485 1495 particulas
502 1399 639 1470 sumant.

190 1508 291 1604 lgitut
303 1506 406 1576 nostri
423 1503 545 1575 Arculfi
562 1503 604 1576 de
622 1505 761 1602 vestigiis
777 1506 916 1575 Domini
933 1505 1074 1576 narratio
1095 1530 1172 1577 cum

132 1613 283 1684 aliorum
313 1613 435 1708 scriptis
468 1616 553 1682 recle
581 1609 780 1702 concordat,
814 1608 907 1706 quod
939 1636 1001 1682 nec
1029 1613 1172 1686 culmine

134 1718 273 1809 domus,
296 1743 357 1790 nec
374 1719 485 1814 aliquo
503 1719 634 1814 speciali
645 1717 798 1790 inferiore
810 1721 844 1788 ἀ
855 1719 1011 1789 viciniore
1028 1722 1174 1816 tegmine

134 1827 211 1898 ullo
238 1824 342 1896 modo
371 1827 503 1922 protegi
532 1827 708 1921 potuerint,
741 1850 776 1896 ut
803 1827 930 1922 semper
956 1825 997 1898 ab
1023 1825 1173 1899 universis

134 1930 335 2004 intrantibus
375 1932 636 2028 conspiciantur,
675 1935 710 2003 &
746 1935 1001 2004 Dominicorum
1039 1934 1174 2032 vestigia

134 2038 267 2136 pedum
298 2036 442 2109 eiusdem
469 2038 535 2108 loci
557 2039 591 2108 in
620 2038 753 2134 pulvere
781 2037 912 2135 depidla
940 2039 1025 2110 clare
1054 2039 1174 2136 possint

134 2144 274 2218 videris
292 2146 364 2215 Hec
385 2145 474 2216 enim
491 2143 659 2215 dominica
675 2145 808 2241 vestigia
825 2147 966 2243 ingentis
984 2144 1175 2218 claritudine

134 2250 323 2349 lampadiss
338 2252 432 2348 supra
449 2250 590 2322 eandem
603 2277 711 2322 rotam
731 2248 862 2323 ecclesre
879 2255 912 2323 in
931 2253 1081 2324 trochleis
1095 2279 1174 2350 pen·

135 2357 247 2430 dentis
264 2357 318 2429 die
334 2361 499 2453 noshrque
516 2354 713 2428 flammantis
729 2357 960 2431 illuminantur.

190 2465 274 2535 lilius
308 2465 418 2560 itaque
450 2465 545 2559 sitpra
586 2489 769 2534 memorate
803 2463 932 2536 ecclefie
966 2466 1107 2539 rotunde
1140 2468 1173 2539 in

136 2568 338 2644 occidentali
376 2595 469 2667 parte
505 2567 554 2641 bis
589 2570 792 2665 quaternales
827 2572 963 2667 superne
1000 2571 1174 2646 fabrefacle

136 2675 301 2750 habentur
327 2678 461 2749 fenestre
478 2679 585 2750 vitreis
603 2677 748 2766 valvulis,
768 2675 884 2772 quibus
904 2680 1015 2774 utique
1033 2681 1175 2753 fenestris

136 2783 284 2856 totidem
305 2782 474 2880 lampades
496 2785 603 2856 vicine
626 2785 863 2854 intrinsecus&
885 2812 902 2854 e
920 2788 1056 2883 regione
1073 2787 1176 2885 poste

136 2896 174 2963 in
198 2889 330 2963 funibus
348 2889 527 2988 pendentes
548 2888 676 2962 ardent:
699 2917 763 2986 que
786 2889 936 2963 videlicet
952 2892 1119 2990 lampades
1134 2893 1176 2966 src

137 2998 305 3070 collocate
315 2999 397 3089 sunt,
408 3023 444 3068 ut
452 2997 782 3096 unaquequelampas
796 3024 858 3070 nec
872 2998 1013 3095 superius
1027 3002 1176 3074 necinfe-

138 3107 206 3175 rius
224 3102 379 3201 pendeat,
397 3102 450 3176 sed
469 3102 556 3201 quast
569 3103 728 3176 adherens
745 3102 854 3176 eidem
868 3106 1001 3178 fenestre
1020 3107 1178 3200 videatur,

138 3214 195 3283 cui
220 3211 353 3281 interius
375 3238 393 3280 e
411 3213 547 3308 regione
568 3208 671 3307 postte
697 3213 886 3308 propinqua
914 3212 1092 3310 specialiter
1108 3240 1176 3286 cer·

138 3319 239 3388 nitur.
276 3318 429 3413 Qtatutn
463 3320 575 3413 utique
609 3317 801 3414 lampadum
830 3321 863 3388 in
894 3343 1023 3389 tantum
1051 3319 1176 3392 claritas

138 3424 292 3523 refulget,
319 3449 355 3496 ut
381 3451 493 3497 earum
518 3425 654 3515 lumine,
676 3423 761 3520 quast
784 3424 825 3496 de
847 3424 1033 3498 fumositate
1053 3431 1175 3502 montis

47 3542 51 3548 '
137 3533 267 3604 Oliveti
282 3531 533 3624 coruscantium,
552 3558 610 3628 per
623 3534 744 3602 nitrum
756 3530 963 3604 abundanter
976 3532 1088 3626 effuso,
1105 3562 1175 3608 non

137 3665 271 3710 tantum
299 3666 338 3710 ea
366 3642 490 3710 montis
516 3665 600 3735 pars,
633 3665 698 3736 que
724 3642 830 3712 versus
861 3644 1015 3714 occasum
1044 3642 1176 3715 adheret

137 3743 302 3817 rotunde‘
318 3743 456 3838 basilice,
490 3744 546 3817 sed
583 3748 682 3818 etiam
712 3749 848 3819 civitatis
877 3749 1107 3841 Hierosolyme
1134 3745 1176 3819 de

139 3853 226 3926 valle
249 3851 398 3948 iosaphat
428 3852 573 3924 ascensus
600 3878 660 3950 per
686 3853 847 3949 quosdam
872 3854 989 3952 gradus
1014 3857 1048 3927 in
1073 3855 1175 3926 altum

137 3957 317 4030 sublimans
334 3959 430 4049 clare,
455 3959 533 4030 licet
553 3961 587 4028 in
605 3956 780 4029 tenebrosis
798 3958 959 4051 nostibus,
990 3958 1175 4032 mirabiliter

137 4065 321 4157 illustretur,
335 4068 370 4136 ἃ
383 4067 490 4136 maior
503 4063 649 4137 eiusdem
662 4091 735 4162 pars
751 4064 838 4137 urbis
851 4067 994 4138 anterior
1007 4095 1025 4138 e
1039 4069 1175 4166 regione

174 4240 199 4274 a.
211 4221 252 4275 AI.
272 4220 425 4291 percussura.
444 4251 476 4260 -
498 4222 523 4274 b.
541 4223 579 4286 B.‚
600 4222 629 4273 V.
692 4251 724 4260 -
739 4222 765 4273 d.
782 4223 821 4286 B.‚
843 4223 869 4274 P.
887 4240 978 4288 ¹2943=
992 4223 1128 4292 lampades.
1143 4253 1175 4262 -

139 4302 260 4356 rotunda.
281 4331 314 4340 -
337 4319 359 4354 c.
382 4299 420 4354 As.
439 4301 630 4355 demonstratur.
690 4321 704 4354 e
728 4301 921 4372 Allelapidee.
