3448 5718
358 552 402 621 V.
432 569 660 623 unnvrnruus
684 569 735 621 nn
762 569 1051 622 nlnnosonrnn.
1193 553 1246 630 rin

253 782 394 867 [Codicis
418 782 562 873 cuitesdam
591 782 785 870 manuscripti,
815 781 934 867 Paristis
958 782 1101 869 offeruati
1124 782 1246 864 (Bibliot.

212 879 299 958 Nat,
310 879 366 941 cod
378 879 426 940 lat.
442 877 536 962 13348
549 878 592 960 (ol
605 878 632 940 S.
645 875 793 958 German,
804 894 835 940 n⁰
851 896 925 962 1309
939 878 1050 961 lat.),s.
1061 879 1109 960 64,
1120 882 1246 958 membr„¹

216 977 243 1044 V
246 976 299 1039 ΙΙΙ
304 977 399 1066 sae),
409 977 438 1036 in
450 999 510 1057 quo,
525 989 556 1036 ut
568 979 601 1039 θ’
614 976 644 1036 in
661 974 808 1055 Vaticano,
821 975 957 1058 Eucherij
970 977 1110 1059 epistolam
1123 977 1247 1040 continuo

209 1077 378 1161 sequunner,
393 1073 468 1136 nullo
481 1074 568 1152 titulo,
581 1074 661 1136 nulla
682 1074 800 1137 rubrica
814 1072 982 1158 interpostta‚
993 1074 1162 1156 fragmenta
1183 1075 1247 1154 duo,

212 1199 245 1237 ex
256 1168 404 1256 epistolas
419 1169 588 1254 Hieronymi
597 1172 638 1235 ad
649 1171 829 1234 Dardanum
843 1171 882 1233 de
893 1171 994 1234 Terra
1011 1173 1247 1256 repromiffionis

212 1275 248 1335 ἐς
271 1271 342 1334 lbra
365 1269 466 1351 Flauij
489 1269 614 1359 Iosepln',
640 1269 691 1332 De
714 1267 870 1333 Palestinae
895 1269 1098 1353 descriptione
1123 1292 1158 1332 ac
1182 1266 1248 1348 fitu,

212 1369 333 1432 limones
339 1372 501 1453 pracipuos
511 1367 592 1431 hiein
606 1369 672 1430 notis
683 1383 820 1452 apponere
829 1369 946 1452 placuit.
967 1368 1033 1452 Qui
1046 1381 1118 1432 certe
1132 1368 1199 1450 fere
1218 1368 1248 1428 in

212 1466 336 1530 omnibus
346 1467 638 1550 praferendusfloret,
646 1467 732 1549 utqui
737 1467 932 1549 perantiquus,
940 1466 1002 1528 item
1015 1467 1049 1528 &l
1056 1466 1179 1548 optimus.
1190 1463 1251 1549 Etst

211 1576 306 1624 tamen
319 1563 604 1654 minimespernendae
614 1563 672 1648 fiet
681 1562 764 1650 ipstus
777 1562 904 1641 lettiones,
928 1585 980 1625 non
1001 1576 1092 1626 tamen
1107 1563 1154 1624 hoc
1168 1561 1249 1652 opus-

210 1659 307 1721 eulum
327 1661 430 1750 rursus
443 1661 609 1748 impreffloni
624 1663 696 1725 dare
720 1661 888 1747 utilissimum
902 1661 977 1722 nobis
995 1659 1090 1748 visum
1112 1663 1179 1742 est.¹
1196 1659 1247 1741 (A.

212 1755 400 1842 Molinier.)]

719 1937 753 2010 V

415 2115 657 2170 BREVIARIUS
676 2115 729 2169 DE
750 2115 1045 2171 HIEROSOLYMA.

253 2289 316 2353 Hic
329 2291 440 2354 tandem
461 2291 590 2354 habentus
612 2290 825 2377 antiquifflmam
851 2293 929 2356 urhis
950 2291 1106 2382 Ierusalem
1126 2294 1250 2384 descrip-

211 2391 310 2452 tionem
341 2388 480 2477 hucusque
506 2391 647 2452 ineditam.
671 2389 751 2474 Qua
779 2391 932 2480 descriptio,
956 2391 1019 2454 licet
1038 2391 1141 2469 brevis,
1165 2413 1250 2473 quum

212 2487 399 2550 emmmmodo
425 2487 504 2550 intro
538 2509 631 2549 muros
659 2487 736 2549 urbis
768 2486 923 2576 Ierusalem
950 2502 1005 2550 tota
1030 2490 1178 2576 scriptoris
1206 2513 1251 2553 res

213 2600 332 2670 agonen,
354 2587 388 2648 &l
402 2587 516 2670 exceptis
531 2585 696 2674 quibusdam
710 2587 847 2668 corruptis
867 2586 937 2665 locis,
956 2587 1087 2649 claritate
1103 2601 1194 2650 tamen
1216 2588 1250 2650 &

209 2682 312 2769 poffim
326 2685 449 2747 novitate
463 2683 681 2746 commendanda
692 2684 737 2764 est.
751 2681 906 2773 Reipsa‚ſs
919 2685 979 2767 quis
992 2707 1053 2747 eam
1068 2697 1167 2748 auerte
1182 2708 1250 2748 exa·

213 2783 378 2860 minaverit,
392 2804 444 2844 non
453 2805 557 2864 negare
564 2782 668 2865 poterit
679 2805 711 2842 ex
721 2803 755 2843 ea
761 2781 940 2870 descriptione
944 2782 1159 2864 pracipuarum
1168 2783 1250 2846 eccle-

202 2877 321 2964 starum
336 2879 494 2941 lucidiorem
509 2879 657 2960 imaginem
667 2879 695 2940 in
708 2877 948 2961 animosormari,
956 2879 1117 2970 prasertim
1132 2880 1206 2961 quod
1212 2882 1255 2943 ad

215 2975 511 3054 Constantinianum,
526 2973 761 3059 Golgothanam
773 2977 807 3037 fis*
818 2975 846 3038 S.
858 2975 1016 3060 Sepulchri
1034 2973 1169 3039 bafilicas
1180 2991 1250 3062 per-

213 3077 288 3138 tinet.
303 3075 348 3138 Ex
361 3098 390 3137 eo
404 3090 507 3154 autem,
527 3076 601 3157 quod
616 3097 668 3136 uno
683 3087 791 3136 tannem
806 3075 996 3162 manuscripto
1009 3075 1096 3138 codiee
1111 3075 1140 3137 in
1154 3075 1251 3158 consti·

214 3176 312 3236 tuendo
321 3187 395 3236 textu
405 3175 439 3236 ὅ
448 3174 606 3264 adsensum
617 3173 806 3236 revocandum
816 3172 857 3258 uſs
854 3171 954 3258 fimus,
962 3175 991 3236 in
1000 3196 1133 3256 magnum
1136 3173 1251 3258 pericu-

215 3271 274 3334 lum
287 3293 332 3334 nos
344 3271 479 3358 incidiffi,
492 3293 545 3332 non
559 3271 728 3358 diffimulari
737 3271 833 3354 potest.

255 3455 424 3507 1.Leffionee
441 3455 496 3510 haec
514 3455 585 3508 sunt:
603 3457 632 3509 P.
660 3474 700 3524 5¹·

219 3534 317 3589 ‘titulus
325 3535 393 3601 deest
402 3566 435 3576 -
443 3535 536 3588 Fausto
544 3535 697 3606 prelbytero.

761 3472 820 3524 quie
832 3453 909 3506 vallis.
917 3484 950 3493 -
960 3453 976 3506 l.
991 3471 1016 3519 7,
1027 3454 1130 3508 Cedron
1145 3466 1250 3509 tuerent.

764 3563 795 3573 -
810 3533 825 3586 Ι.
840 3553 882 3600 eo,
901 3533 1020 3587 aestivum.
1037 3564 1070 3574 -
1088 3535 1103 3587 Ι,
1119 3554 1163 3600 22,
1178 3547 1251 3591 terrae

217 3616 280 3668 -l.
299 3615 618 3681 1,}1ierusolimitanae.-
643 3615 701 3680 Le,
760 3614 855 3668 Iudeae.
884 3645 917 3653 -
943 3613 960 3666 l.
989 3619 1078 3680 26-28,
1101 3615 1249 3668 Iordanis...

216 3695 318 3764 agnitus
324 3706 428 3746 ernn-
438 3695 453 3746 Ι.
469 3711 493 3762 5,
509 3710 560 3746 non
573 3693 700 3748 delusione

216 3773 445 3846 quamquem-l.
461 3793 500 3842 ιο,
515 3773 585 3827 aiunt
598 3775 701 3827 adeunti

216 3857 262 3910 tibi
275 3855 419 3909 earn—P.
435 3875 474 3924 52·
485 3854 501 3908 Ι.
520 3873 544 3924 1,
559 3854 702 3925 excipit.—

215 3939 232 3991 t.
254 3959 278 4002 2,
298 3936 480 4005 frequentatur.
493 3965 529 3976 —-
545 3935 562 3987 Ι.
587 3953 628 4001 14,
645 3934 702 3988 loca

217 4017 337 4070 visuntur.
351 4043 384 4054 -
398 4015 414 4066 l.
431 4033 474 4080 27,
488 4013 600 4066 tenditur
613 4014 702 4067 vicina.

217 4126 251 4137 -
260 4096 276 4149 1.
290 4115 334 4162 29,
350 4095 468 4149 Betsaidu
482 4093 583 4165 piscina.
593 4095 649 4148 -Ι,
661 4112 703 4159 32,

218 4187 343 4249 praerupte
356 4186 437 4245 rupte.
453 4174 522 4226 -P.
540 4192 581 4240 53,
592 4175 609 4228 l.
625 4194 647 4240 ι,
661 4192 703 4226 ex·

217 4259 300 4329 peetut
308 4257 398 4309 intra...
408 4255 433 4306 in
444 4252 639 4308 radicibue.—l.
650 4274 704 4320 2·4,

219 4339 262 4411 qui
276 4355 353 4392 non...
363 4337 498 4390 decurrens
511 4335 581 4406 deest.
594 4364 626 4375 -
645 4335 662 4387 Ι.
678 4339 703 4402 6,

762 3694 902 3765 appellatur
914 3695 985 3762 deest.
996 3725 1032 3734 -
1050 3695 1066 3746 l.
1084 3713 1128 3763 29,
1141 3713 1252 3765 quorun·

763 3772 830 3825 dam.
843 3803 875 3812 -·
894 3773 909 3826 l.
932 3790 973 3838 30,
994 3771 1057 3826 infra
1074 3773 1249 3827 meridianam.

765 3851 817 3904 -Ι,
826 3871 866 3918 31,
876 3852 998 3923 oppidum
1007 3852 1163 3923 possetin-
1171 3856 1200 3908 P.
1209 3874 1251 3924 54,

763 3931 779 3983 Ι.
803 3949 824 3984 1.
845 3945 919 3988 terne
933 3933 1034 3986 Israhel.
1051 3963 1083 3974 -
1097 3933 1113 3987 Ι.
1132 3953 1156 4000 2,
1181 3935 1252 4004 equi-

763 4011 852 4065 lonide.
863 4043 895 4054 -
905 4013 921 4066 Ι.
938 4032 961 4079 3,
974 4013 1076 4083 quippe.
1090 4043 1121 4054 —
1132 4014 1148 4066 Ι.
1157 4033 1183 4080 4,
1192 4032 1253 4068 con·

763 4090 882 4146 tinentur.
902 4122 934 4133 -
953 4094 970 4146 l.
986 4113 1010 4162 5,
1029 4095 1200 4164 pergentibus,
1219 4096 1253 4149 de

764 4191 817 4244 quo
828 4173 949 4226 Iordanes
966 4177 1044 4227 Erom
1058 4193 1073 4226 a
1087 4175 1144 4228 loco
1159 4193 1251 4229 nomen

765 4255 982 4308 fortunent-1.
995 4274 1020 4322 7,
1036 4257 1145 4310 Cebron.
1154 4285 1185 4296 -
1201 4257 1218 4310 l.
1227 4263 1251 4326 8,

766 4333 882 4390 miliario.
