3296 5700
475 556 678 612 BERNARDI
704 555 898 611 MONACHI.
1121 555 1187 636 311

151 779 200 850 de
225 780 461 852 Beneventanis
478 777 664 850 christianis.
694 783 730 850 ln
752 777 877 850 duabus
901 803 1023 875 nempe
1043 775 1192 869 navibus,

152 913 223 983 que
239 888 349 984 primo
366 887 511 958 exierunt
527 887 675 958 Africam
690 910 850 984 petentes,
868 910 960 958 erant
976 887 1037 957 tria
1056 885 1158 956 millia
1177 900 1192 928 ⁶

152 995 291 1091 captivi,
309 993 371 1064 alie
387 991 452 1064 due
469 995 542 1090 poll
552 991 566 1038 ⁶
578 1017 742 1085 exeuntes,
759 995 794 1062 in
810 992 973 1088 Tripolim
990 989 1194 1064 deduxerunt

151 1097 299 1171 smriliter
313 1101 361 1191 iij.

204 1215 246 1287 V.
265 1220 301 1287 ln
319 1214 449 1311 reliquis
476 1214 611 1285 demum
629 1213 755 1287 duabus
776 1217 987 1306 introeuntes,
1012 1217 1048 1286 in
1075 1212 1191 1310 quibus

153 1347 294 1420 quoque
307 1321 475 1418 predidlus
493 1347 561 1394 erat
574 1347 728 1393 numerus
742 1323 960 1420 captivorum,
973 1322 1072 1394 delati
1084 1324 1192 1394 sumus

151 1431 188 1500 in
212 1453 347 1527 portum
368 1431 570 1518 ollexundrt'e‚
591 1431 784 1527 navigantes
801 1426 915 1500 diebus
938 1455 1009 1502 xxx.
1032 1430 1191 1502 Volentes
1202 1447 1347 1496 nieman.

150 1563 235 1608 vero
252 1535 410 1635 progredi
426 1539 462 1609 in
475 1538 576 1628 littus,
593 1535 750 1634 prohibiti
763 1537 869 1607 lumus
882 1563 902 1608 a
913 1538 1063 1633 principe
1076 1561 1190 1608 nauta·

149 1670 240 1735 rum,
259 1646 400 1740 quierat
422 1645 517 1742 super
535 1645 712 1742 sexaginta.
743 1643 809 1715 Ut‘
833 1667 945 1714 autem
970 1641 1066 1715 nobis
1090 1645 1189 1741 copia

149 1747 287 1822 daretur
309 1750 459 1844 exeundi,
477 1749 628 1822 dedimus
645 1749 703 1822 eid
719 1750 773 1820 sex
789 1775 913 1821 aureos.

203 1857 258 1930 Vl.
277 1855 354 1929 lnde
366 1857 523 1955 progreffi
540 1856 702 1928 adivimus
715 1857 899 1953 principem
910 1854 1116 1948 Alexandrie‚
1134 1857 1188 1927 cui

149 1963 357 2035 ostendimus
374 1965 556 2062 epistolam,
583 1989 685 2059 quam
707 1959 803 2033 nobis
825 1959 917 2033 dedit
936 1961 1107 2052 suldanus,
1126 1989 1192 2060 que

148 2071 236 2142 nihil
260 2068 357 2142 nobis
384 2071 535 2168 profecit,
558 2071 634 2141 licet
666 2070 809 2169 omnia(
823 2069 907 2140 illius
931 2069 1065 2165 epistole
1082 2067 1101 2130 f
1111 2070 1191 2141 fitte-

147 2194 267 2249 returg
279 2179 311 2249 se
328 2203 399 2248 non
416 2178 578 2275 ignorare.
601 2177 683 2272 Qto
700 2199 848 2274 urgente,
866 2173 957 2246 dedit
975 2178 1006 2246 ei
1024 2177 1191 2273 unusquis·

148 2310 220 2380 que
244 2285 392 2355 nolirum
411 2309 473 2381 pro
500 2284 532 2355 le
558 2281 715 2354 tredecim
742 2282 905 2371 denarios,
932 2285 967 2353 ἃ
991 2282 1070 2354 fecit
1094 2281 1191 2356 nobis

147 2393 275 2462 litteras
301 2389 344 2462 ad
372 2391 558 2488 principem
588 2386 764 2462 Babilonie.
797 2387 1015 2460 Consuetudo
1043 2415 1192 2488 preterea

124 2499 126 2503 ’
147 2499 285 2570 illorum
307 2496 481 2569 hominum
505 2496 577 2567 talis
606 2496 661 2587 est,
684 2497 740 2567 ut*
762 2493 854 2591 quod
872 2493 1048 2592 ponderari
1073 2497 1190 2592 potest,

147 2631 226 2677 non
236 2604 328 2676 aliter
339 2604 518 2700 accipiatur
530 2600 588 2672 nist
601 2604 636 2673 in
649 2600 810 2700 pondere,
828 2605 863 2674 ἀ
875 2603 884 2648 ¹'
898 2604 951 2674 sex
962 2602 1053 2699 apud
1064 2628 1126 2674 nos
1139 2603 1190 2673 so·

147 2711 213 2784 lidi
230 2713 266 2782 &
287 2711 339 2781 sex
356 2707 480 2799 denarii
498 2708 643 2780 faciunti
659 2708 747 2806 apud
766 2707 838 2779 illos
855 2731 917 2781 tres
935 2707 1058 2780 solidos
1075 2712 1110 2781 &
1127 2732 1190 2781 tres

149 2815 317 2888 denarios.
340 2816 414 2888 Hec
427 2813 625 2886 Alexandria
638 2815 721 2887 mari
735 2811 874 2906 adiacet,
888 2816 923 2886 in
937 2841 1004 2912 qua
1016 2813 1190 2911 predicans

149 2923 281 2994 sanstus
298 2923 425 2994 Marcus
438 2923 450 2966 ⁴
466 2917 675 3020 evangelium
691 2920 784 3020 geffit
799 2921 1013 3019 'pontificale
1031 2921 1189 2995 officium.

148 3027 244 3100 Extra
261 3030 351 3099 cuius
368 3049 500 3125 portam
507 3043 527 3072 Β
539 3027 733 3099 orientalem
750 3027 795 3097 est
806 3029 1040 3100 monasterium
1051 3026 1191 3125 preditti
1203 3015 1226 3062 ⁵·
1235 3013 1389 3124 ffisflffl'

150 3136 266 3224 saneti,
286 3134 319 3205 in
333 3158 403 3230 quo
416 3134 490 3204 sunt
502 3134 661 3205 monachi
672 3130 762 3231 apud
777 3131 956 3222 ecclefiam,
974 3136 1009 3205 in
1024 3159 1088 3230 qua
1100 3138 1189 3233 prius

149 3242 222 3338 ipse
238 3241 407 3337 requievit.
428 3240 609 3312 Venientes
627 3266 707 3313 vero
724 3241 854 3333 Venetij
872 3243 1007 3339 navigio
1018 3259 1032 3288 ¹¹
1048 3241 1190 3314 tulerunt

150 3349 264 3421 furtim
289 3373 411 3445 corpus
428 3373 449 3419 a
468 3345 682 3420 custodibus⁰
704 3349 770 3419 eius
797 3350 832 3419 ἀ
861 3346 1117 3444 deportaverunt
1144 3348 1189 3422 ad

150 3455 272 3526 suam?
288 3453 437 3525 insulam.
454 3453 547 3525 Extra
558 3477 690 3551 portam
709 3453 950 3528 occidentalem
967 3457 1011 3527 est
1027 3453 1188 3527 monaste·

150 3563 249 3652 rium,
267 3559 360 3658 quod
375 3560 495 3632 dicitur
511 3558 555 3631 ad
570 3563 708 3633 Sandlos
721 3561 951 3661 quadraginta,
967 3565 1003 3634 in
1020 3587 1090 3660 quo
1105 3559 1189 3631 simi·

149 3669 226 3740 liter
241 3665 401 3738 monachi
418 3663 554 3766 degunt.
572 3663 625 3738 Ab
642 3665 798 3761 aquilone
816 3668 861 3740 est
876 3691 991 3766 porrus
1006 3667 1090 3738 illius
1108 3668 1189 3739 civi-

150 3776 225 3847 tatis
235 3806 246 3866 3
275 3801 296 3846 a
312 3771 450 3845 meridie
471 3771 571 3846 habet
597 3775 768 3847 introitum
786 3779 868 3847 Glon
879 3793 894 3838 t
907 3773 971 3848 five
988 3777 1115 3869 Nilus,
1133 3776 1190 3870 qui
1201 3789 1275 3838 tutu·-

186 4024 211 4060 a.
227 4009 257 4059 V.
272 4005 305 4076 iij.
319 4037 354 4046 -
371 4009 397 4059 b.
408 4009 443 4073 L,
455 4007 495 4062 M.
505 4007 639 4078 prirno-
734 4007 754 4073 j.
769 4008 807 4060 Μ.
820 4005 922 4058 iaciant.
931 4035 967 4044 —
976 4004 1003 4057 k.
1017 4005 1043 4056 t.
1057 4001 1188 4056 Muclus.

149 4103 172 4140 c.
195 4086 583 4153 l..ubi.-d.eid.inl..,F.
606 4113 639 4124 -
704 4084 1188 4154 -l.l.&gellit.-m.7.pattem;

77 4227 81 4236 ,
150 4185 174 4220 e.
191 4168 230 4220 M.
239 4183 337 4219 omnes.
347 4195 377 4206 -
392 4166 412 4218 l.
421 4168 458 4220 Μ.
474 4166 598 4236 epistolas.
607 4193 639 4205 -
704 4164 728 4216 P.
738 4177 844 4233 parturn.
855 4181 918 4217 -n.
927 4163 1062 4232 Lnavigij.
1075 4179 1139 4214 -o.
1149 4163 1188 4215 Μ.

148 4263 175 4316 g.
192 4247 230 4298 t..
242 4247 282 4311 V„
292 4247 328 4298 M.
338 4243 438 4298 dixerit.
449 4245 520 4296 -lu
533 4247 558 4297 1.
571 4245 639 4296 sr.··-
703 4243 812 4296 custode.
831 4273 863 4284 -
886 4262 911 4313 p.
930 4243 999 4296 suum
1018 4244 1043 4295 d.
1062 4242 1089 4296 itt
1108 4243 1134 4295 F.
1153 4269 1189 4279 -

149 4324 168 4378 i.
184 4326 225 4378 M.
237 4324 305 4377 unde
316 4324 409 4378 accidit
422 4335 458 4378 ut.
703 4339 730 4392 q.
745 4325 783 4376 Μ.
797 4323 882 4377 Geon.
