3432 5710
646 560 751 656 (518)
1143 578 1209 655 197
1269 548 1272 554 ’
1298 627 1300 634 ,

182 785 386 863 sTbeliaus,
411 784 521 850 Christi
544 807 643 869 praeco
666 787 778 868 fassus,
806 787 983 852 incessanter
1005 785 1210 869 praedicando,

182 874 333 939 subieElos
347 875 384 937 ad
400 873 515 938 coelum
530 877 622 939 verbo
637 877 667 940 δι
682 876 823 960 exemplo
839 878 993 940 incitabat.
1010 901 1023 934 ›

253 994 428 1063 [Anonymus,
444 991 530 1058 Vetas.
549 992 638 1058 salias,
653 1011 674 1046 c.
690 1015 704 1046 2
720 994 787 1061 (ΛΑ.
801 997 840 1046 SS.
855 994 1114 1062 uotl.,Febr.‚11‚p.
1130 973 1208 1058 309l3

182 1073 215 1125 cs.
230 1073 285 1125 Iob.
299 1075 441 1142 Capgrave,
454 1074 534 1126 Nova
545 1072 649 1143 legenda
661 1074 757 1144 Angsiae
771 1075 874 1142 (Lond.,
888 1079 963 1142 1516,
976 1073 1044 1139 in·s.,
1056 1072 1073 1124 s.
1085 1071 1210 1139 cclxxle]

226 1221 348 1285 «Obiit
379 1236 481 1284 autem
509 1220 527 1283 s.
554 1220 656 1284 David
685 1244 766 1286 anno
798 1222 930 1285 Domini
965 1217 1209 1305 quingentesimo

184 1309 412 1393 quadragesimo
433 1309 526 1388 sexto,
543 1310 572 1373 δι
592 1311 623 1372 in
642 1309 753 1396 Rofina
775 1309 859 1378 valle,
874 1307 1057 1391 sepelitur&
1077 1306 1211 1388 lapidem

184 1420 277 1482 quem
288 1421 305 1462 a
317 1400 483 1481 patriarcba
494 1398 771 1482 Hierosolymitano
783 1399 813 1461 in
824 1398 873 1460 sua
884 1398 1110 1460 consecratione
1122 1417 1210 1458 acce-

184 1503 278 1570 perat,
293 1488 391 1550 adhuc
405 1489 510 1550 vivens
524 1486 657 1550 ecclefiae
673 1487 874 1552 Glastoniensr
890 1486 1050 1570 delegavit.
1069 1510 1081 1542 ›

255 1607 431 1675 [Anonymus,
445 1605 533 1670 Vitafi
545 1596 730 1673 Parricij(10h.
746 1608 889 1675 Capgrave,
900 1605 981 1658 Nova
992 1603 1097 1672 legenda
1109 1601 1213 1670 Angliae,

184 1689 280 1752 Lond,
294 1693 369 1755 1516,
381 1687 434 1751 sol,
448 1685 466 1740 s.
481 1687 618 1757 cclxiiij.).]

227 1861 240 1894 ‹
259 1833 406 1922 Quadam
427 1851 530 1897 autem
551 1823 652 1912 nodie,
673 1835 812 1917 apparuit
830 1834 857 1896 ei
877 1833 1002 1916 angelus
1019 1831 1151 1894 Domini
1167 1833 1214 1893 di-

183 1944 276 1986 cens:
294 1949 307 1980 ‹
324 1921 465 2022 Crastina·
475 1921 525 1983 die
539 1925 731 2006 percingens,
745 1923 901 2022 calciate:
917 1921 1105 2071 Hierrgalern
1120 1919 1213 2002 usque

187 2041 199 2070 a
219 2031 341 2094 peregre
358 2007 562 2092 proficiscens,
577 2027 712 2093 optatam
725 2030 814 2093 carpe
826 2033 923 2072 viam:
938 2009 986 2071 sed
1046 2008 1122 2070 altos
1137 2007 1213 2069 duos

187 2129 199 2160 ‹
218 2101 347 2164 comites
361 2099 491 2176 vocabo,
503 2097 673 2160 Theliaum
688 2098 801 2160 scilicet
816 2097 845 2160 δι
862 2097 1032 2160 Paternum.
1051 2122 1064 2153 ›
1088 2095 1215 2158 Sandlus
1318 2161 1320 2166 ¹

184 2206 287 2253 autem
302 2189 453 2250 admirans
473 2188 589 2270 imperij
605 2205 802 2270 praeceptum,
823 2187 918 2248 dixit:
942 2213 954 2244 ‹
974 2185 1147 2271 Quomodo
1162 2181 1217 2245 fiet

187 2276 296 2340 eboc?
318 2276 402 2339 Nam
417 2297 495 2358 quos
511 2277 662 2356 promittis
677 2277 816 2355 comites,
838 2278 931 2339 trium
952 2275 1001 2338 vel
1023 2297 1061 2336 eo
1084 2270 1215 2354 amplius

187 2393 200 2426 ‹
219 2366 337 2428 dierum
346 2363 571 2446 spacioanobis
581 2363 769 2444 separantur?
784 2389 796 2421 ι
809 2401 846 2410 -
858 2391 871 2424 ‹
885 2364 964 2448 Ego,
974 2363 1073 2447 inquit
1081 2359 1217 2444 angelus,

187 2481 201 2512 ι
218 2457 275 2516 hac
289 2451 380 2515 noste
394 2453 430 2514 ad
447 2451 515 2514 illos
530 2452 648 2531 vadam,
663 2453 692 2516 dc
706 2455 766 2516 buc
781 2454 851 2517 illos
866 2455 902 2516 ad
919 2469 948 2516 te
964 2454 1122 2514 adducam.
1138 2474 1150 2506 ι
1174 2445 1216 2510 Et

185 2543 300 2606 sedtum
321 2542 363 2602 est
385 2542 433 2603 ita
456 2541 540 2604 Cum
555 2557 656 2603 autem
675 2541 912 2624 alienigenarum
934 2541 1051 2623 linguas
1066 2539 1215 2614 audirent,

186 2630 359 2696 intelledlus
374 2629 494 2692 illarum
506 2630 566 2691 sme
581 2633 745 2712 interprete
757 2645 774 2693 a
786 2630 927 2693 Domino
938 2629 1069 2691 collatus
1081 2626 1131 2689 est.
1146 2627 1214 2707 Ap·

187 2721 287 2802 paruit
301 2736 402 2781 autem
417 2716 541 2800 angelus
553 2717 685 2780 Domini
699 2718 886 2800 patriarchae,
905 2719 1027 2780 dicens:
1051 2741 1063 2774 r
1080 2714 1163 2777 Tres
1178 2713 1215 2774 ab

189 2837 202 2868 ‹
221 2808 389 2870 occidentis
404 2806 515 2870 finibus
530 2808 586 2868 viri
603 2808 777 2884 adveniunt,
798 2828 875 2890 quos
890 2828 960 2867 cum
976 2805 1087 2887 gaudio
1102 2802 1132 2865 δι
1146 2800 1215 2863 hos-

190 2926 202 2958 «
220 2895 377 2980 pitalitatis
391 2897 487 2978 gratia
501 2895 671 2978 suscipiens,
686 2897 716 2957 in
732 2894 890 2978 episcopos
905 2893 1101 2956 consecrabis.
1119 2916 1132 2947 ι
1157 2889 1214 2952 Pa-

188 2986 319 3050 triarcba
338 3004 411 3046 vero
437 3001 497 3048 tres
521 2984 764 3046 honoratissimae
790 2983 872 3046 sedes
898 2983 1027 3064 paravit,
1048 2981 1078 3042 &
1099 2979 1217 3042 sanctos

188 3073 503 3158 benignesuscipiens,
518 3074 547 3135 in
563 3072 622 3135 illis
638 3072 739 3134 sedere
754 3072 835 3151 fecit,
847 3072 876 3134 δι
889 3070 991 3134 David
1008 3071 1038 3132 in
1055 3066 1218 3150 archiepis-

187 3187 303 3250 copum
318 3163 456 3247 provexit
471 3161 500 3222 dt
514 3163 570 3222 ait:
592 3187 604 3218 ‹
619 3158 795 3239 Iudeorum,
809 3161 918 3242 inquit,
933 3158 1063 3242 potestas
1080 3159 1111 3219 in
1127 3155 1217 3218 cbris-

190 3285 203 3317 ι
222 3258 321 3319 tianos
339 3249 502 3329 invalescit,
520 3271 576 3313 nos
591 3265 800 3328 commovent,
820 3246 913 3310 fidem
933 3247 1093 3329 repellunt.
1114 3244 1219 3309 Parate

191 3371 203 3402 ‹
221 3363 293 3425 ergo
311 3363 367 3403 vos
387 3340 424 3402 ad
444 3339 692 3422 pradicationem
716 3337 837 3421 singulis
859 3337 981 3414 diebus,
1008 3333 1163 3418 procedite
1185 3347 1219 3395 ut

191 3459 203 3490 ‹
222 3451 328 3494 eorum
342 3428 488 3491 violentia
502 3429 659 3491 confutata
672 3426 813 3510 quiescat.
829 3451 841 3483 r
860 3423 1030 3488 Praedicant
1044 3424 1147 3505 itaque
1163 3442 1217 3503 per

189 3518 320 3601 smgulos
345 3521 409 3583 dies
430 3518 668 3601 intelligentibus
690 3537 743 3579 eos
763 3517 792 3577 in
814 3514 865 3577 sua
887 3515 990 3598 lingua
1009 3511 1162 3588 universis,
1184 3509 1220 3573 fit

188 3625 272 3692 grata
286 3609 463 3689 praedicatio
483 3628 598 3685 eorum,
620 3605 721 3688 plures
741 3606 771 3666 in
790 3603 850 3666 side
870 3602 1003 3666 roborati
1020 3600 1217 3662 conveniunt.

190 3697 363 3760 Patriarcha
376 3717 448 3758 vero
469 3696 605 3758 sandium
621 3695 723 3756 David
745 3709 876 3776 quatuor
895 3691 1071 3752 muneribus
1092 3689 1218 3764 ditavit;

189 3785 272 3848 altari
286 3785 398 3848 scilicet
409 3783 595 3862 consecrato,
611 3784 639 3845 in
655 3805 717 3866 quo
730 3781 934 3844 Dominicum
946 3777 1142 3842 consecrabat
1152 3797 1220 3838 cor-

191 3874 346 3957 pus,quod
355 3874 521 3936 innumeris
530 3870 649 3955 pollens
657 3871 986 3952 virtutibusnunquam
997 3868 1034 3929 ab
1042 3865 1219 3928 hominibus

191 3963 310 4024 asandli
322 3961 424 4024 David
438 3962 524 4024 obitu
535 3961 631 4022 visum
645 3960 697 4038 esl,
711 3959 759 4021 sed
772 3957 878 4041 pelleis
891 3955 1091 4019 velaminibus
1103 3953 1219 4016 tedium

191 4052 264 4114 latet
282 4051 500 4114 absconditum.
522 4046 633 4132 Insigni
653 4050 745 4111 etiam
763 4046 845 4125 nola,
866 4045 958 4108 sed&
979 4045 1040 4126 ipsa
1060 4041 1220 4104 virtutibus

191 4141 292 4204 claret.
308 4139 423 4202 Baculo
435 4141 537 4216 etiam,
547 4158 619 4199 auro
635 4153 716 4199 texta
731 4137 843 4214 tunica,
857 4135 909 4217 qui
926 4131 1051 4194 baculus
1067 4129 1220 4192 miraculis

191 4228 354 4292 choruscus
370 4249 423 4310 per
438 4228 563 4310 patriam
579 4224 699 4308 insignis
715 4224 901 4308 praedicatur.
923 4221 1007 4284 «Sed
1024 4221 1104 4302 quia,
1119 4219 1219 4301 inquit

195 4345 206 4378 a
225 4319 403 4400 patriarcba,
424 4315 572 4379 laboriosa
585 4315 672 4377 vobis
689 4313 755 4375 sunt
774 4313 805 4376 in
820 4313 927 4376 itinere
942 4309 979 4372 ad
995 4308 1166 4387 ferendum,
1180 4308 1217 4369 ad
