3446 5706
468 511 538 611 396
897 533 1064 586 Ancum

505 741 555 804 est.
570 779 610 790 -—
629 741 681 806 De
699 741 801 806 mensa
815 742 845 806 δι
859 763 909 806 ara
923 743 953 807 δι
968 744 1109 827 plateola.
1124 742 1209 809 Inter
1224 743 1383 808 ecclesiam
1398 746 1498 812 cons-

503 833 702 894 tantinianam
715 831 746 894 δι
760 829 944 896 Iherusalem
958 833 1087 897 habetur
1102 835 1203 898 mensa
1216 834 1319 918 lignea
1340 856 1414 898 cum
1435 835 1498 899 alta

501 943 552 985 ara
565 921 596 984 &
611 919 752 1004 plateola,
773 921 804 983 in
823 943 884 1006 qua
906 923 955 986 die
970 923 1000 986 δι
1014 924 1106 987 ηοᾶε
1128 923 1284 1006 lampades
1307 945 1372 986 non
1396 926 1498 988 extin-

499 1026 621 1096 guntur.
634 1047 676 1058 —
697 1010 774 1074 Hac
788 1011 997 1096 verbafigurae
1009 1012 1054 1076 illi
1065 1013 1232 1096 iunguntur,
1246 1035 1333 1094 quam
1346 1013 1446 1078 videre
1459 1016 1498 1099 est

497 1115 608 1183 em.

460 1191 480 1254 l.
494 1207 544 1272 23,
558 1187 674 1250 diiium
689 1189 761 1274 deest
773 1190 812 1252 A.

461 1279 481 1344 l.
495 1295 544 1360 24,
558 1289 676 1339 cereata
691 1275 732 1340 X
746 1277 860 1364 Deſsnit
872 1278 911 1341 A.

462 1367 482 1432 l.
496 1385 545 1446 25,
559 1365 632 1448 quia
651 1366 684 1427 Υ.

462 1455 482 1520 Ι.
497 1456 545 1534 26,
560 1469 622 1517 tam
636 1452 688 1516 vili
703 1452 886 1536 figuratione
901 1457 943 1520 X.

462 1541 482 1606 l.
497 1543 546 1620 28,
568 1541 623 1604 loco
645 1543 793 1625 utique..
808 1588 816 1605 .
831 1588 839 1605 .
854 1539 989 1624 ecclesia,
1010 1543 1094 1608 habet
1105 1543 1159 1607 X:
1182 1559 1234 1608 aut
1259 1543 1343 1629 quod
1369 1543 1498 1627 propius

501 1639 625 1703 ecclesia
634 1666 644 1717 3
662 1640 694 1701 Υ
701 1662 770 1704 vcro
783 1656 835 1704 aut
850 1663 918 1724 quae
933 1640 1060 1724 propius
1076 1663 1102 1704 e.

907 1857 938 1927 P.
961 1873 1047 1950 150:

461 2080 479 2143 l.
498 2098 558 2164 1-3,
568 2081 638 2165 deest
651 2078 689 2140 X
687 2107 698 2157 ;
711 2080 739 2140 in
759 2080 789 2139 Y
799 2091 890 2141 autem
903 2073 1034 2165 desumi.
1049 2073 1109 2154 1·6‚
1124 2072 1265 2162 usquead
1278 2071 1419 2136 vocabula
1441 2071 1496 2136 ad-

501 2169 624 2232 volutus
639 2166 691 2230 est.

461 2259 480 2323 l.
495 2259 524 2338 6,
539 2255 723 2340 sepulturam
737 2256 776 2317 X
779 2283 789 2332 5
802 2291 842 2302 -
856 2252 1047 2318 trudentibus
1063 2253 1104 2317 X.

462 2347 481 2410 l.
496 2365 526 2431 7,
539 2367 599 2430 que
615 2345 656 2409 X.

461 2435 481 2501 l.
494 2456 524 2519 9,
539 2435 624 2497 dolat
638 2433 704 2496 add.
719 2431 758 2494 X
764 2435 824 2519 post
836 2432 1028 2516 quadratum.

460 2525 482 2589 1.
499 2542 544 2604 ιο,
559 2521 687 2604 desuper
702 2519 813 2604 scripta
827 2523 869 2586 Χ.

461 2614 481 2678 l.
495 2615 544 2692 26,
560 2611 669 2675 rubeus
682 2611 726 2689 Χ,
745 2611 779 2674 Υ.

396 2709 397 2714 ’
461 2704 481 2768 l.
495 2703 545 2783 28,
558 2702 630 2786 deest
641 2699 685 2778 Χ,
701 2700 734 2762 Y.

461 2794 480 2858 l.
496 2811 544 2878 30,
559 2791 639 2856 illius
653 2791 695 2854 X.

904 3015 1050 3111 P.151=
1162 2961 1168 2974 Ι

459 3232 480 3296 l.
498 3249 524 3309 1,
538 3243 741 3293 rememorate
755 3228 793 3289 X
797 3253 805 3304 3
819 3224 1038 3288 -mstaseos
1053 3224 1095 3288 X.

460 3321 480 3383 l.
494 3339 523 3399 2,
537 3321 623 3381 denuo
637 3318 732 3401 incipit
744 3320 783 3378 A.

458 3411 479 3475 l.
494 3428 524 3494 3,
538 3430 555 3470 a
568 3410 692 3470 dextera
706 3406 775 3468 coh.
791 3408 868 3489 parti
885 3407 926 3468 Χ.

458 3499 479 3565 l.
493 3519 523 3582 4,
538 3497 669 3562 Domini
683 3497 753 3581 deest
767 3494 809 3558 X.

459 3589 479 3655 l.
493 3607 523 3670 5,
536 3587 608 3671 deest
620 3585 663 3664 X,
682 3587 715 3648 Y.

458 3679 478 3740 l.
494 3695 522 3761 7,
536 3675 689 3737 vocitatur
703 3670 733 3735 A
738 3703 751 3746 ,-
766 3672 796 3734 in
811 3673 883 3751 deest
894 3671 934 3735 A.

459 3766 478 3832 l.
493 3766 523 3845 8,
537 3783 612 3826 enea
626 3761 668 3824 X.

457 3854 478 3920 l.
492 3876 522 3939 9,
537 3852 642 3938 pendit
657 3854 704 3931 Χ,
718 3873 779 3935 que
793 3853 832 3915 A.

458 3945 479 4006 l.
496 3961 597 4027 13-22,
610 3943 710 4032 desunt
722 3942 761 4004 A.

459 4032 479 4098 l.
497 4053 509 4096 1
512 4051 543 4114 ς,
556 4053 689 4116 quorum
705 4030 746 4095 X.

458 4121 478 4186 l.
496 4123 541 4202 16,
555 4119 680 4184 effertur
695 4119 733 4182 X
736 4147 747 4198 ;
759 4155 799 4166 -
812 4119 933 4184 interim
947 4119 1018 4203 deest
1031 4117 1072 4181 X.

459 4210 479 4275 l.
497 4229 543 4294 17,
556 4207 682 4275 ecclesie
695 4210 766 4296 deest
778 4210 820 4273 Χ.

461 4300 481 4367 l.
498 4301 544 4384 18,
557 4299 651 4388 usque
665 4298 707 4365 Χ.
