3354 5706
957 523 1151 582 ARCULFUS

722 775 837 848 XXlV.
863 781 913 846 De
930 780 1104 872 Nazareth
1122 776 1152 846 fe
1167 779 1296 873 ecclefiis
1311 785 1388 848 eius.

594 945 719 1017 Civitas
736 944 907 1034 Nazareth,
926 969 963 1015 ut
975 943 1136 1035 arculfus,
1150 945 1208 1039 qui
1223 947 1258 1014 in
1276 969 1315 1016 ea
1329 944 1510 1042 hospitatus
1522 947 1575 1033 esl,

545 1076 662 1140 narrat,
680 1055 715 1123 δε
731 1053 810 1149 ipsa,
828 1075 863 1121 ut
876 1052 1124 1148 Capharnaum‚
1141 1077 1311 1123 murorum
1323 1049 1487 1124 ambitum
1505 1080 1575 1124 non

543 1156 652 1250 hahet,
689 1159 783 1255 supra
813 1182 961 1229 montem
989 1154 1109 1256 posrta3
1138 1158 1276 1258 grandia
1302 1184 1413 1230 tamen
1443 1158 1574 1256 lapidea

543 1263 641 1337 habet
653 1265 791 1356 edificia,
808 1263 996 1361 ibidemque
1014 1264 1079 1336 due
1095 1265 1294 1364 pergrandes
1308 1265 1470 1337 habentur
1480 1269 1578 1337 cons·

542 1377 645 1444 trusle
662 1375 795 1471 ecclefie:
809 1401 867 1443 una
879 1374 914 1442 in
931 1370 1043 1443 medio
1057 1373 1193 1444 civitatis
1208 1373 1285 1443 loco
1300 1374 1395 1470 super
1406 1372 1492 1444 duos
1506 1374 1577 1444 fitn-

541 1477 618 1550 data
635 1504 783 1568 cancros,
807 1476 863 1550 ubi
885 1477 1058 1576 quondam
1082 1479 1137 1550 illa
1154 1479 1257 1550 suerat
1274 1478 1395 1550 domus
1411 1478 1576 1570 edificata,
1639 1525 1640 1534 κ

542 1585 576 1656 in
594 1612 659 1682 qua
675 1587 840 1656 Dominus
858 1586 965 1656 noster
982 1587 1120 1657 nutritus
1133 1586 1177 1656 est
1193 1585 1348 1656 Salvator.
1367 1586 1443 1656 Hec
1460 1585 1577 1658 eadem

542 1689 673 1764 ecclefia
691 1689 831 1774 duobus,
845 1717 881 1762 ut
894 1693 1035 1787 superius
1048 1690 1172 1764 dissum
1184 1691 1238 1782 est,
1257 1693 1411 1763 tumulis¹
1427 1695 1465 1764 δι
1479 1695 1578 1764 inter-

540 1796 651 1896 pofitis
668 1797 805 1870 arcubus
818 1796 956 1888 suffulta,
968 1797 1067 1870 habet
1078 1799 1210 1870 inferius
1223 1801 1307 1870 inter
1319 1797 1457 1870 eosdem
1469 1825 1578 1871 tumu-
1640 1821 1641 1868 l

540 1905 590 1976 los
607 1903 838 1977 lucidissimum
853 1905 983 1976 sontem
1002 1905 1216 1998 collocatum,
1235 1930 1335 2000 quem
1349 1929 1437 1977 totus
1456 1907 1578 1978 civium

541 2011 725 2107 frequentat
736 2012 891 2111 populus,
906 2009 947 2082 de
960 2011 1018 2082 illo
1032 2011 1221 2083 exhauriens
1235 2036 1367 2106 aquam,
1379 2015 1414 2083 δε
1426 2011 1471 2085 de
1481 2013 1578 2084 latice

539 2117 662 2196 ,eodem
678 2119 800 2190 sursum
816 2121 849 2189 in
867 2115 1033 2189 ecclesiam
1047 2119 1142 2215 super
1155 2117 1341 2190 edificatam
1354 2144 1442 2215 aqua
1454 2121 1491 2190 in
1510 2119 1577 2190 vas·
1641 2151 1642 2156 ¹

540 2225 619 2296 culis
635 2253 694 2325 per
716 2226 876 2297 trochleas
893 2223 1097 2321 subrigitur)
1113 2228 1227 2297 essina
1244 2251 1323 2296 vero
1343 2228 1465 2322 ecclefict
1481 2227 1521 2296 in
1539 2251 1577 2296 eo

540 2328 696 2404 fabricata
712 2330 849 2404 habetur
865 2333 953 2422 loc0,
970 2329 1026 2404 ubi
1043 2331 1097 2402 illa
1118 2333 1222 2403 suerat
1240 2329 1360 2402 domus
1378 2332 1578 2422 construcla,

538 2438 572 2509 in
589 2463 654 2533 qua
671 2435 807 2511 Gabriel
823 2437 1036 2536 archangelus
1050 2436 1093 2509 ad
1107 2435 1240 2510 beatam
1250 2437 1389 2509 Mariam
1402 2437 1578 2537 ingressus,
1642 2453 1643 2530 l

538 2542 662 2616 ibidem
678 2542 797 2616 eadem
813 2545 896 2616 hora
912 2543 1015 2616 solam
1032 2545 1077 2616 est
1094 2545 1254 2616 allocutus
1269 2545 1449 2617 inventam.
1475 2547 1580 2618 Hanc

539 2649 581 2721 de
608 2651 769 2722 Nazareth
795 2653 1026 2749 experientiam
1050 2650 1223 2724 didicimus
1245 2678 1263 2724 a
1289 2653 1402 2723 sansto
1424 2653 1580 2743 arculfo,

542 2758 598 2854 qui
612 2756 658 2830 ibi
675 2756 802 2831 duabus
820 2758 999 2856 hospitatus
1017 2758 1061 2830 est
1077 2757 1228 2831 noslibus
1245 2762 1280 2830 δε
1293 2756 1434 2829 totidem
1447 2757 1579 2850 diebus,

539 2867 574 2935 δε
590 2863 714 2936 idcirco
734 2866 767 2936 in
785 2891 824 2937 ea
836 2864 954 2936 diutius
967 2865 1124 2961 hospitari
1134 2890 1205 2937 non
1219 2889 1359 2962 poterat,
1371 2867 1449 2960 quia
1465 2866 1579 2961 ipsum
1643 2939 1644 2956 ἦ

539 2969 683 3070 cogebat
698 2972 851 3043 locorum
868 2973 987 3070 peritus
1004 2970 1124 3043 Christi
1141 2971 1232 3042 miles
1249 2971 1413 3060 festinare,
1437 2970 1479 3041 de
1501 2973 1579 3042 Bur·
1643 2973 1644 2980 '

538 3077 663 3176 gundia
676 3102 776 3168 ortus,
788 3080 891 3150 vitam
905 3075 1027 3148 ducens
1041 3077 1226 3168 solitariam,
1236 3077 1342 3146 Petrus
1354 3076 1506 3166 nomine,
1525 3080 1582 3173 qui

538 3183 616 3256 inde
642 3187 676 3256 in
702 3185 873 3256 circuitum
896 3183 939 3254 ad
963 3183 1066 3273 illurn,
1088 3185 1122 3254 in
1144 3207 1213 3279 quo
1236 3183 1323 3278 prius
1347 3207 1582 3254 commoratus

463 3311 471 3322 ·
539 3317 618 3384 erat,
631 3293 772 3364 reversus
789 3292 834 3362 est
850 3290 1047 3361 solitarium⁶
1062 3289 1184 3361 locum.

843 3513 949 3584 XXV.
973 3518 1023 3582 De
1040 3539 1137 3582 monte
1155 3511 1264 3584 Tobor.

587 3680 684 3750 Mons
695 3677 808 3751 'sabor
820 3681 854 3750 in
866 3679 995 3752 Galilea
1009 3677 1108 3750 tribus
1121 3675 1262 3749 millibus
1273 3705 1294 3749 a
1305 3679 1378 3749 lacu
1391 3679 1582 3754 Cinnereth

542 3785 646 3879 distat,
659 3788 741 3858 mira
758 3786 959 3859 rotunditate
978 3813 1016 3858 ex
1034 3787 1126 3857 omni
1143 3809 1234 3882 parte
1251 3785 1418 3876 colleslus,
1434 3813 1454 3856 a
1471 3787 1582 3887 plaga

538 3891 663 3965 boreali
674 3893 844 3990 respiciens
853 3895 948 3992 supra
957 3892 1083 3964 diuum
1094 3893 1255 3990 stagnum,
1264 3889 1416 3964 herbosus
1428 3893 1535 3966 valde
1547 3899 1581 3966 dt

537 3998 683 4090 floridus,
699 4001 732 4072 in
746 4002 836 4071 cuius
852 4026 973 4073 amena
989 4001 1172 4072 sununitate
1189 3999 1301 4096 ampla
1317 3998 1477 4095 planities,
1497 3999 1582 4074 silva

537 4103 710 4206 pergrandi
732 4107 974 4200 circumcindla,
991 4104 1141 4178 habetur:
1160 4107 1250 4176 cuius
1266 4107 1301 4176 in
1319 4102 1430 4176 medio
1449 4130 1582 4208 campo

572 4299 597 4334 s.
614 4283 640 4334 B.
652 4279 753 4345 tabulis,
767 4281 793 4334 1„
806 4281 910 4335 cancris
930 4310 960 4322 -
981 4283 1005 4334 b.
1024 4281 1063 4346 L.,
1075 4283 1111 4348 B,
1123 4283 1195 4334 Beris.
1212 4282 1239 4333 V.
1260 4309 1292 4320 —
1310 4299 1332 4335 c.
1348 4283 1386 4346 8.,
1407 4281 1432 4332 V.
1451 4281 1582 4336 sensium.
