3448 5718
580 557 884 612 runuoutuuvto.
1203 555 1244 634 31

219 775 323 848 abeo
341 774 455 848 diebus
472 801 596 849 retenta
614 778 658 849 est
676 805 745 850 non
762 779 796 848 in
814 778 1039 870 reseclionem,
1064 800 1100 847 ut
1125 775 1179 848 isse
1201 801 1250 846 ar·

218 880 366 974 birratur,
391 882 503 954 sedin
528 911 612 982 opus
639 887 714 976 Dei,
736 909 771 956 ut
793 883 889 957 rebus
915 883 1173 981 comprobatum
1194 884 1247 955 est.
1275 919 1278 930 ·

219 988 309 1060 Nam
339 991 452 1061 omnia
476 990 559 1062 illius
583 992 728 1090 regionis
757 991 893 1063 lullrans
921 991 1126 1082 monasteria,
1154 1013 1251 1086 prout

219 1099 345 1193 potuit,
377 1099 541 1198 refrigeria
575 1101 740 1171 sumtuum
769 1095 919 1170 fratribus
948 1096 1133 1193 dereliquit,
1167 1123 1251 1194 quos

220 1230 318 1276 amor
332 1206 433 1278 sansli
452 1208 511 1279 viri
530 1205 571 1279 de
588 1232 661 1279 toto
679 1207 757 1279 illuc
775 1206 855 1280 orbe
875 1203 1087 1278 conduxerat.

271 1313 322 1382 lV.
349 1313 427 1385 lnde
451 1313 541 1386 brevi
562 1315 653 1386 cursu
678 1314 892 1386 transfretavit
919 1315 1097 1401 Seleuciam,
1127 1311 1169 1384 de
1186 1338 1252 1409 qua
1280 1331 1388 1380 seuseu,

220 1417 399 1492 ascendens
422 1427 619 1492 andochium
646 1421 747 1492 sansli
772 1419 963 1493 confessoris
997 1420 1118 1493 Paulini
1141 1418 1250 1492 modi·
1279 1427 1410 1477 mumma.

170 1557 173 1562 ·
218 1549 298 1596 cum
315 1528 446 1598 caritate
464 1525 606 1619 detenta,
628 1525 738 1598 media
753 1526 862 1598 hieme
885 1528 1011 1600 calente
1028 1525 1146 1598 ardore
1162 1526 1251 1619 fidei,

220 1631 345 1704 femina
367 1630 497 1725 nobilis,
524 1659 587 1729 que
606 1636 697 1730 prius
723 1635 948 1706 eunuchorum
973 1632 1123 1707 manibus
1139 1657 1250 1731 porta·

219 1736 326 1830 batur,
346 1739 445 1810 asello
466 1737 581 1810 sedens
597 1741 747 1836 professa
765 1741 820 1812 est.
848 1742 979 1812 Omitto
1007 1743 1097 1812 Celes
1113 1745 1199 1834 Syrie
1216 1745 1250 1812 ἃ
1279 1759 1395 1821 celesyria.

221 1853 366 1917 Plenicis
390 1847 470 1918 iter:
508 1872 617 1943 neque
646 1849 735 1920 enim
764 1847 995 1945 hodeporicon
1025 1851 1079 1920 ei‘¹
1108 1848 1251 1945 disposui
1279 1855 1387 1904 Pheris*

219 1949 380 2045 scribere3
403 1980 442 2024 ea
459 1977 586 2025 tantum
604 1955 682 2026 loca
698 1955 893 2046 nominabo,
913 1983 977 2053 que
999 1957 1092 2028 sacris
1110 1953 1250 2028 volumi·

219 2057 316 2132 nibus
333 2065 553 2136 continentur.
580 2069 702 2158 lletyro,
729 2089 868 2136 romana
890 2065 1033 2154 colonia,
1059 2066 1094 2133 δε
1115 2057 1251 2157 antiqua
1280 2075 1381 2136 Beotvr·

220 2164 301 2238 urbe
318 2173 431 2240 Sidone
448 2169 611 2261 derelidla,
627 2173 661 2242 in
679 2175 803 2267 Sarepta
817 2171 925 2244 littore
942 2170 1037 2242 Helie
1054 2170 1099 2242 est
1110 2165 1252 2268 ingressa
1279 2171 1459 2234 sunnonem.

220 2275 420 2368 turriculam,
438 2279 472 2350 in
491 2304 567 2374 qua,
585 2277 726 2350 adorato
745 2281 895 2350 Domino
914 2278 1082 2369 salvatore,
1105 2303 1166 2374 per
1181 2301 1250 2346 are·

219 2409 280 2454 nas
302 2387 385 2477 Tyri,
413 2386 448 2455 in
469 2383 586 2481 quibus
608 2411 718 2483 genua
739 2387 850 2457 Paulus
872 2384 950 2477 fixit,
976 2385 1124 2482 pervenit
1144 2387 1250 2474 Acco,
1280 2391 1364 2452 Tum·-

223 2517 288 2588 que
305 2517 394 2564 nunc
412 2495 580 2564 Ptolemais
597 2491 725 2582 dicitur,
742 2496 777 2564 dt
793 2519 852 2590 per
868 2518 1006 2590 campos
1023 2489 1183 2590 Megiddo
1202 2494 1250 2562 lo·
1264 2493 1395 2604 Ρῑοξῗῑῑι
1406 2493 1458 2539 Μ’·
1505 2508 1515 2520 ·

219 2595 262 2668 ste
279 2600 367 2670 necis
385 2600 537 2670 conscios
553 2602 685 2674 intravit
703 2625 820 2671 terram
838 2599 998 2672 Philistim.
1280 2572 1401 2667 plussin.

268 2707 309 2776 V.
336 2707 452 2782 Mirata
480 2709 587 2778 ruinas
615 2708 698 2799 Dor,
724 2705 811 2778 urbis
828 2704 1001 2803 quondam
1020 2703 1251 2803 potentislime,

220 2815 266 2905 ἃ,
288 2813 379 2884 versa
400 2815 482 2905 vice,
510 2815 668 2886 Stratonis
693 2815 806 2885 turrim
827 2811 869 2885 ab
892 2811 1040 2904 Herode,
1065 2839 1142 2911 rege
1164 2811 1252 2904 lude,

219 2918 254 2989 in
275 2919 438 2992 honorem
455 2922 582 2993 Cesaris
610 2921 747 3019 Augusti
771 2924 930 3016 cesaream
957 2943 1193 3018 nuncupatam,
1217 2922 1251 2990 in
1279 2929 1380 2980 casm

221 3051 288 3122 qua
304 3028 450 3117 Cornelij
469 3027 620 3120 domum,
633 3027 753 3100 Christi
769 3027 850 3101 vidit
867 3025 1045 3119 ecclesiam,
1062 3032 1098 3099 dt
1114 3026 1252 3124 Philippi

220 3130 364 3204 ediculas
384 3137 420 3204 dt
441 3131 628 3205 cubiculum
653 3158 794 3231 quatuor
809 3137 977 3234 virginum
996 3134 1250 3232 prophetarum,

220 3237 342 3312 deinde
356 3245 599 3336 olntt‘pmrt'dum,
617 3242 806 3314 semirutum
820 3240 1029 3340 oppidulum,
1042 3237 1135 3337 quod
1151 3241 1250 3340 patris
1278 3258 1428 3323 Antipatrum
1497 3328 1502 3334 .

220 3373 261 3419 ex
277 3350 413 3421 nomine
431 3346 583 3421 Herodes
600 3373 786 3442 vocaverat,
804 3345 948 3434 visitavit,
968 3351 1003 3420 ἃ
1027 3352 1157 3443 lyddam
1179 3375 1249 3421 ver·
1279 3364 1363 3427 lydda.

219 3457 290 3528 sam
306 3458 340 3526 in
356 3457 555 3553 Diospolim,
572 3456 735 3530 Dorcadis
747 3482 846 3555 atque
863 3457 945 3528 Enee
962 3458 1194 3529 resurrestione
1211 3482 1250 3528 ac

217 3563 353 3634 sanitate
370 3563 538 3656 inclytam,
558 3563 645 3636 haud
664 3565 781 3662 procul
797 3563 839 3637 ab
857 3591 896 3636 ea
912 3571 1134 3654 osrimotllt'am,
1160 3565 1250 3637 vicu·
1278 3581 1413 3632 urrunnu.

215 3670 288 3741 lum
312 3669 437 3768 loseph,
464 3672 521 3767 qui
547 3672 735 3744 Dominum
758 3672 911 3768 sepelivit,
929 3675 964 3742 δε
987 3675 1107 3766 Qube,
1135 3668 1251 3742 urbem
1279 3683 1354 3730 uota.

218 3775 392 3872 quondam
410 3776 629 3870 sacerdotum,
658 3805 747 3852 nunc
770 3779 934 3851 tumulum
961 3781 1155 3871 occisorum,
1181 3784 1250 3876 lop·
1279 3785 1358 3848 10vve·

210 3913 274 3981 pen
300 3909 446 3980 quoque,
471 3887 627 3984 fugientis
644 3909 779 3984 portum
809 3891 886 3958 lone
911 3887 957 3977 ἃ,
975 3911 1011 3958 ut
1034 3883 1158 3981 aliquid
1175 3909 1249 3982 per·

217 3993 375 4089 stringam
389 3991 430 4062 de
447 3990 564 4063 fabulis
582 4017 766 4089 poetarum,
782 3993 916 4091 religate
932 3991 975 4064 ad
993 3993 1105 4064 saxum
1118 3990 1250 4063 Andro·

216 4097 317 4169 mede
332 4097 574 4194 spectatricem
591 4101 799 4196 repetitoque
813 4101 938 4192 itinere,
955 4101 1166 4198 Qicopolt'm,
1186 4123 1251 4193 que

216 4204 305 4298 prius
326 4210 465 4278 Emmaus
481 4204 672 4299 vocabatur,
701 4205 791 4303 apud
809 4233 910 4303 quam
926 4209 961 4277 in
978 4207 1139 4277 fraslione
1157 4204 1250 4300 panis
1283 4214 1394 4264 mansu..

251 4463 277 4496 a.
299 4444 360 4514 Ms.;
376 4444 427 4498 cius
439 4445 480 4498 ed.
