3296 5700
487 449 559 529 254
639 449 968 502 SANCTIMONIALIS
994 447 1353 501 HEYDENHEIMENSIS

485 689 559 737 cetu
572 664 632 735 tuti
648 665 711 734 toti
723 663 863 736 tumidas
875 664 1017 736 militum
1028 665 1196 738 evaserunt
1209 666 1371 756 versutias,
1384 665 1532 736 illuſtria

486 770 652 867 extemplo
670 769 819 842 adierunt
834 774 943 843 limina
960 774 1159 869 egregiaque
1173 778 1273 860 Petri,
1292 773 1534 868 apostolorum

486 879 652 975 principis,
669 878 832 973 petierunt
849 875 984 974 prefidia
1011 879 1248 974 immensasque
1266 876 1388 951 ibidem
1410 881 1534 948 omni·

486 986 615 1082 potenti
632 986 706 1055 Deo
726 1009 765 1055 ac
782 1010 890 1082 gratas
910 983 1095 1055 referebant
1115 987 1246 1082 gratias,
1266 983 1367 1081 quod,
1386 987 1529 1081 magnis

486 1092 684 1162 transmeatis
694 1093 790 1162 maris
802 1088 1038 1162 discriminibus
1049 1107 1063 1135 ⁶
1074 1092 1231 1188 variisque
1245 1092 1530 1189 peregrinationis

486 1221 693 1268 externorum
709 1195 910 1296 ignominiis,
924 1224 981 1295 per
998 1199 1112 1269 omnia
1130 1199 1277 1295 prosperi
1293 1197 1531 1269 scholasticam

487 1303 641 1375 scandere
666 1328 852 1376 meruerunt
876 1304 995 1375 scalam
1017 1307 1053 1375 &
1074 1305 1257 1401 preclaram
1279 1303 1367 1376 adire
1383 1303 1533 1377 ‘Sancli

487 1411 570 1482 Petri
584 1407 758 1483 basilicam

765 1651 817 1723 [Χ.
839 1655 937 1747 Rama
947 1682 960 1734 ,·
968 1655 1058 1744 febri
1076 1653 1253 1723 laborans

536 1836 632 1907 Tunc
642 1836 689 1907 illi
705 1835 772 1908 duo
791 1838 951 1935 germani,
970 1832 1014 1906 ibi
1027 1860 1196 1908 manentes
1209 1863 1228 1908 a
1240 1838 1409 1908 nativitate
1422 1836 1531 1908 sanfli

489 1943 619 2014 Martini
640 1945 740 2040 usque
761 1942 804 2015 ad
822 1943 938 2015 aliudd
955 1943 1167 2015 solemnitatis
1183 1944 1303 2041 pascha
1326 1948 1366 2016 sc
1388 1947 1529 2016 interim

488 2047 570 2121 dum
591 2049 645 2121 illa
673 2049 781 2149 gelida
811 2050 1006 2147 frugalisque
1030 2049 1134 2120 hiems
1163 2048 1348 2121 transiendo
1376 2051 1531 2147 preteriit

488 2155 705 2252 vernaleque‘
721 2159 787 2227 iam
799 2154 1024 2227 incumbendo
1038 2157 1166 2227 instaret
1174 2183 1309 2254 germen
1320 2157 1527 2253 &paschale

487 2289 550 2360 per
567 2286 675 2333 totum
694 2262 857 2335 mundum
874 2261 1033 2360 fulgendo
1047 2261 1214 2335 irradiaret
1230 2288 1370 2360 tempus,
1388 2264 1436 2334 illi
1452 2262 1528 2335 duo

489 2371 637 2467 germani
655 2369 784 2441 felicem
801 2371 1033 2440 monasterialis
1055 2367 1224 2466 discipline
1241 2372 1343 2442 vitam
1361 2368 1420 2441 sub
1436 2371 1533 2442 sacre

489 2477 571 2575 legis
588 2476 813 2549 moderamine
831 2474 1003 2549 ducebant.
1022 2477 1109 2548 Tum
1123 2480 1222 2548 etiam
1235 2475 1443 2549 decrescente
1456 2477 1531 2549 die·

488 2610 561 2654 rum
577 2583 702 2654 calculo
715 2585 920 2655 &crescente
937 2585 1041 2655 estatis
1057 2609 1218 2674 caumate,
1237 2608 1301 2679 que
1319 2585 1457 2682 presaga
1473 2586 1527 2655 fu·

491 2715 560 2761 ture
577 2690 658 2762 solet
674 2688 739 2762 esse
758 2689 866 2781 febris,
891 2717 1016 2788 magna
1036 2693 1184 2787 corporis
1201 2691 1290 2761 illico
1316 2694 1439 2788 arrepti
1450 2692 1531 2763 sunt

489 2797 646 2889 molestia,
662 2800 707 2868 ita
721 2822 757 2868 ut
770 2799 884 2869 acriter
902 2796 1102 2889 anheland0,
1116 2796 1344 2888 febricitando,
1362 2799 1459 2870 toties
1479 2800 1529 2871 al·

490 2902 599 3004 goref
609 2907 643 2975 &
658 2907 751 2975 toties
765 2904 874 2975 calore
882 2904 1017 2995 estuans,
1026 2928 1119 2975 atrox
1130 2930 1188 3001 per
1197 2930 1282 2976 artus
1292 2902 1406 2976 dissusa
1420 2903 1525 2978 effert

490 3012 597 3111 pestis,
616 3015 651 3082 ἃ
664 3008 704 3082 src
723 3014 832 3083 irretiti
848 3013 882 3081 &
895 3015 1024 3100 retenti,
1043 3038 1167 3110 magno
1181 3015 1295 3083 mortis
1308 3014 1407 3086 exitio
1426 3017 1529 3087 cons·

490 3122 586 3209 tristi,
604 3117 695 3190 sebre
708 3119 836 3216 fatigati
853 3143 956 3210 erant,
975 3145 1008 3190 ut
1028 3121 1082 3192 vix
1098 3123 1165 3191 iam
1181 3120 1216 3190 in
1232 3120 1292 3190 illis
1312 3123 1377 3193 vite
1393 3120 1530 3193 habitus

492 3252 551 3323 per
558 3221 653 3296 lassos
660 3225 835 3297 luentiuml
842 3250 926 3297 artus
940 3224 1302 3299 volitandoversaretur.
1317 3228 1326 3272 ³
1340 3227 1402 3300 sed
1411 3255 1531 3301 tamen

492 3329 650 3405 indefessa
658 3358 792 3429 paterne
801 3334 928 3430 pietatis
941 3332 1149 3430 providentia
1161 3334 1222 3404 suis
1234 3333 1399 3405 consulere
1410 3334 1530 3407 suffra·

491 3440 626 3537 garique
647 3436 818 3536 dignatuss
834 3439 889 3530 est,
907 3441 951 3510 ita
968 3465 1003 3511 ut
1021 3467 1103 3512 unus
1119 3439 1161 3511 de
1179 3438 1309 3511 duobus
1327 3467 1429 3512 unam
1443 3442 1530 3515 heb·

491 3543 672 3618 domadam
701 3546 836 3619 &alter
863 3550 987 3619 unam*
1005 3550 1038 3617 in
1056 3544 1233 3619 subsidium
1256 3547 1462 3620 ministrandi
1480 3553 1532 3623 illi

493 3652 638 3747 requiem
667 3651 829 3726 haberet.1
848 3654 882 3724 Et
907 3680 1028 3745 tamen,
1055 3679 1154 3751 prout
1181 3657 1330 3751 corporis
1353 3654 1533 3732 infimutas

531 3911 553 3944 a.
568 3894 614 3945 Hit
626 3893 710 3962 inct'pit
718 3895 773 3947 Mb.
786 3925 821 3933 -
831 3895 854 3946 b.
867 3894 923 3946 Mb.
935 3911 977 3961 pe·
1038 3892 1092 3945 suit
1107 3921 1138 3931 -
1149 3893 1174 3944 h.
1185 3890 1393 3945 Mblucentium.
1402 3918 1439 3928 —
1449 3889 1465 3942 i.
1472 3894 1533 3946 Mb.

497 3975 591 4042 rivere,
604 3975 630 4026 C.
645 3985 737 4042 petere.
750 4004 786 4012 —
804 3991 825 4025 c.
842 3972 938 4025 ‘situlus
950 3975 976 4024 A.
1039 3975 1176 4042 vergebat3
1199 3974 1225 4025 C.
1248 3972 1370 4024 versabat.
1389 4001 1425 4009 —
1444 3973 1466 4038 j.
1487 3971 1531 4023 Al.

496 4054 522 4106 in
535 4055 571 4118 C,
585 4055 648 4119 Mb,
662 4055 687 4106 P.
700 4085 736 4093 —
749 4055 774 4106 d.
794 4052 829 4105 al.
843 4052 925 4105 aliam.
942 4083 977 4091 -
1040 4053 1151 4122 dignata.
1160 4053 1227 4105 -k.
1238 4056 1264 4106 C.
1273 4052 1388 4104 alterum.
1397 4050 1459 4103 -l
1469 4052 1530 4103 m.

498 4153 522 4187 e.
538 4136 593 4187 Mb.
606 4133 804 4204 hibernalioque;
822 4135 848 4186 C.
863 4133 979 4185 hiberna·
1040 4135 1157 4186 habebat.

498 4218 580 4290 leque.
594 4246 625 4256 -
640 4217 657 4270 s.
671 4218 724 4269 Mb.
735 4216 880 4288 stigson-
888 4232 914 4287 g.
923 4216 979 4268 Mb.
