3354 5706
446 461 512 560 136
766 477 859 529 msa
885 475 1079 529 nurounu
1108 474 1151 526 u.

445 705 558 770 Galilee‚
574 705 598 756 a
617 702 767 756 extenditur
787 702 907 755 miliariis
923 719 1027 755 norem.
1050 702 1134 754 Tunc
1147 699 1330 753 descendimus
1342 715 1391 768 per
1407 692 1515 750 Gall-

443 786 511 839 leam
526 786 599 838 iuxta
611 784 752 836 Iordanem
768 785 792 836 &
808 784 970 836 transeuntes
984 781 1104 835 venimus
1123 781 1149 834 in
1165 781 1298 833 civitatem
1312 779 1422 834 Galilee
1443 791 1515 845 que

443 878 555 918 vocatur
574 864 724 935 scitopolis.
747 863 851 917 Exinde
874 863 994 916 venimus
1013 862 1040 914 in
1061 862 1195 915 civitatem
1219 860 1359 914 Sebastiam
1380 859 1435 912 ubi
1460 872 1515 906 re-

445 946 556 1017 quiescit
567 945 673 998 Abdias
685 947 822 1016 propheta.
835 945 895 996 Post
912 945 960 998 bec
971 944 1092 996 uenimus
1103 943 1229 996 inlocum
1245 942 1292 995 ubi
1305 940 1456 994 Dominus
1469 936 1514 988 de

446 1027 566 1097 quinque
576 1026 689 1096 panibus
705 1028 729 1079 δι
745 1025 851 1078 duobus
863 1024 978 1095 piscibus
992 1024 1092 1077 satiavit
1106 1025 1227 1094 quinque
1243 1022 1317 1076 milia
1333 1020 1513 1074 homiuum.

446 1108 575 1160 Venimus
598 1106 693 1159 deinde
715 1107 748 1158 ad
761 1107 853 1158 locum
867 1104 914 1157 ubi
927 1104 1076 1174 baptizatus
1090 1104 1124 1158 est
1139 1104 1281 1157 Dominus.
1304 1105 1335 1155 In
1350 1101 1409 1172 ipso
1426 1101 1514 1152 loco

446 1186 601 1239 transierunt
610 1186 656 1254 filij
667 1187 741 1238 lsrael
755 1185 888 1238 Iordanen
900 1185 978 1252 &filij
990 1184 1355 1256 prophetarumperdiderunt
1367 1183 1512 1234 securem

433 1266 570 1337 'dcexipso
580 1267 641 1319 loco
651 1265 745 1318 Helias
754 1265 974 1336 assumptuseslin
985 1267 1082 1318 celum.
1093 1265 1190 1334 Ibique
1198 1263 1233 1316 est
1242 1262 1397 1316 Ermoniim
1410 1275 1514 1314 mons

449 1346 634 1417 modicus,qui
642 1346 739 1415 legitur
746 1346 773 1398 in
783 1345 892 1416 psalmo.
901 1345 1051 1415 Depresato
1058 1345 1118 1398 loco
1129 1346 1162 1398 ad
1168 1345 1308 1398 Iordanem
1315 1339 1513 1406 suntmiliarij

448 1428 512 1480 duo.
529 1429 561 1478 In
574 1426 628 1496 ipsa
641 1426 707 1479 valle
724 1438 779 1478 erat
795 1425 888 1478 Helias
904 1426 1012 1495 quando
1025 1425 1049 1477 ei
1063 1443 1158 1478 corvus
1170 1425 1305 1478 deserebat
1317 1441 1423 1494 panem.
1452 1423 1513 1473 De

449 1507 561 1560 Iordane
588 1508 670 1576 usque
693 1507 726 1558 ad
744 1505 835 1559 locum
855 1505 902 1557 ubi
920 1517 1041 1558 mortuus
1063 1505 1096 1558 est
1111 1505 1212 1558 Moises
1226 1505 1284 1558 sunt
1297 1503 1401 1571 miliarij
1417 1503 1512 1555 osto.

449 1586 553 1639 Exinde
572 1585 693 1639 venimus
713 1586 746 1637 ad
769 1589 865 1654 Segor;
884 1585 1001 1638 vidimus
1021 1584 1057 1638 ibi
1073 1599 1279 1639 monumentum
1294 1583 1427 1648 Absalon,
1445 1582 1509 1648 filij

450 1666 546 1719 David.
568 1667 611 1718 De
629 1665 742 1718 Iordane
764 1667 848 1736 usque
860 1665 966 1718 Iericho
989 1665 1102 1718 miliaria
1117 1667 1165 1719 sex.
1183 1667 1289 1720 Domus
1303 1667 1378 1718 Raab
1399 1664 1511 1716 adhuc

450 1745 498 1798 stat
520 1747 545 1799 δι
567 1745 725 1799 cubiculum
749 1746 855 1816 dequo
878 1746 1056 1816 exploratores
1077 1746 1206 1817 deposuit.
1232 1745 1345 1816 Lapides
1365 1762 1430 1798 vero
1456 1742 1510 1795 illi

451 1845 519 1897 quos
540 1827 693 1880 levaverunt
717 1826 763 1894 filij
785 1827 863 1880 Israel
881 1826 914 1879 de
930 1827 1043 1879 Iordane
1066 1845 1120 1880 non
1133 1827 1214 1896 longe
1233 1827 1366 1879 acivitate
1380 1825 1509 1878 Ie'riclro

451 1908 510 1960 sunt
531 1907 558 1960 in
578 1925 633 1959 una
652 1903 766 1959 basilica.
780 1907 855 1959 Ante
871 1907 982 1958 eandem
996 1905 1128 1959 basilicam
1148 1906 1182 1958 esi
1199 1924 1310 1976 campus
1322 1907 1348 1958 in
1360 1923 1418 1976 quo
1431 1907 1508 1958 Do-

452 1988 540 2040 minus
564 2004 643 2039 manu
669 1985 775 2057 propria
799 1986 965 2039 frumentum
990 1986 1128 2040 seminavit
1149 1987 1219 2057 quasi
1244 1987 1333 2040 modia
1354 1987 1421 2052 tria3
1444 1985 1508 2055 qui

452 2068 531 2120 etiarn
544 2066 719 2136 colligitur&
733 2084 882 2137 numquam
899 2067 1050 2130 seminatur,
1062 2068 1099 2120 set
1117 2085 1149 2118 ex
1163 2067 1186 2119 se
1196 2067 1298 2138 profert
1310 2069 1398 2120 semen
1412 2085 1419 2132 ς
1434 2065 1508 2118 col-

452 2146 545 2214 ligitur
565 2159 655 2199 autem
680 2147 706 2198 in
732 2147 819 2199 mense
844 2146 1089 2199 febroario&inde
1111 2147 1327 2200 communicatur
1345 2147 1369 2199 in
1384 2147 1505 2217 pascha.

454 2228 495 2280 lbi
519 2226 553 2280 est
574 2227 635 2279 sons
658 2245 727 2297 aque
750 2245 830 2297 quem
854 2227 1002 2280 indulcavit
1024 2227 1143 2280 Heliseus
1167 2230 1305 2298 propheta,
1330 2227 1375 2298 qui
1398 2227 1506 2296 irrigat

453 2307 571 2361 Iericho.
594 2306 682 2375 Igitur
703 2319 828 2360 exeuntes
852 2307 884 2359 de
904 2307 999 2373 Ierico,
1019 2307 1140 2360 venimus
1161 2320 1255 2360 contra
1275 2307 1443 2362 occidentem
1469 2307 1504 2356 in

454 2387 547 2441 sinistra
570 2405 651 2439 manu
672 2387 874 2440 &intravimus
896 2388 990 2440 vallem
1015 2387 1159 2440 Sodomam
1182 2389 1206 2440 δι
1226 2391 1396 2442 Gomorram.
1420 2388 1502 2438 Nam

444 2465 528 2539 'quod
543 2466 638 2519 dicunt
653 2468 775 2520 homines
788 2467 820 2520 de
831 2485 913 2520 uxore
928 2468 997 2520 Loth
1013 2485 1044 2519 eo
1058 2469 1129 2538 quod
1143 2468 1270 2538 lingendo
1283 2470 1316 2521 ab
1332 2467 1504 2520 animalibus

455 2549 600 2612 minuatur,
621 2547 785 2600 mendatium
800 2547 849 2611 est‚·
872 2549 909 2600 set
932 2547 977 2599 slat
991 2547 1015 2598 in
1031 2547 1095 2599 llatu
1109 2565 1165 2619 quo
1181 2548 1239 2601 suit.
1262 2549 1445 2602 Ascendentes
1462 2547 1504 2598 de

456 2640 594 2692 montana,
613 2639 770 2679 revertentes
792 2627 825 2679 ad
838 2627 960 2680 sinistram
978 2646 1100 2692 manum,
1119 2629 1241 2681 venimus
1259 2630 1291 2681 ad
1306 2641 1426 2682 montem
1436 2627 1504 2678 Oli-

455 2708 516 2774 veti,
538 2707 566 2760 in
581 2706 748 2773 Bethaniam,
771 2708 804 2759 ad
827 2719 1034 2760 monumentum
1057 2709 1149 2761 Lazari
1169 2711 1193 2761 δι
1213 2709 1313 2762 rursum
1328 2707 1504 2760 ascendimus

456 2790 488 2841 de
510 2799 601 2840 monte
619 2787 690 2838 unde
709 2787 844 2839 Dominus
864 2788 897 2839 ad
915 2799 1026 2858 patrem.
1044 2791 1122 2841 quta
1142 2807 1223 2858 quem
1244 2789 1335 2842 locum
1355 2787 1506 2858 requiescit

456 2870 542 2922 sansta
561 2866 677 2936 Pelagia.
702 2867 899 2920 Descendentes
919 2867 951 2919 de
974 2879 1065 2921 monte
1088 2868 1196 2935 Oliveti,
1215 2869 1336 2922 venimus
1358 2869 1384 2920 in
1407 2867 1504 2920 villam

459 2947 634 3002 Gethsemani
657 2946 703 2998 ubi
728 2947 839 2999 traditus
863 2947 897 3000 est
910 2948 1065 3018 Dominus;
1089 2949 1116 3001 in
1141 2967 1196 3020 quo
1212 2951 1270 3003 sunt
1294 2949 1344 3001 tria
1362 2948 1504 3014 accubita,

456 3029 503 3082 ubi
525 3028 569 3080 ille
590 3026 726 3080 accubuit.
750 3027 791 3079 Ibi
814 3026 848 3079 esi
870 3028 951 3080 etiam
974 3029 1080 3082 ecclesia
1105 3030 1152 3082 ubi
1177 3029 1211 3082 ell
1235 3030 1382 3099 sepulcrum
1409 3028 1504 3080 sanEIe

459 3108 555 3174 Marie,
569 3107 595 3158 in
608 3106 675 3160 valle
689 3125 742 3176 que
756 3118 867 3159 vocatur
879 3108 1011 3178 Iosaphat‚
1023 3108 1144 3162 venimus
1157 3111 1238 3180 usque
1252 3095 1403 3180 adponam
1420 3111 1505 3160 Ieru-

458 3190 537 3241 salem
559 3187 586 3238 in
607 3187 684 3240 cuius
704 3188 811 3240 dextera
828 3199 902 3256 parte
921 3187 954 3240 ell
968 3189 1081 3241 liculnea
1095 3190 1122 3241 in
1138 3209 1190 3260 qua
1204 3192 1227 3242 se
1239 3190 1318 3242 Iudas
1333 3190 1429 3260 laqueo
1443 3189 1504 3240 sus-

458 3267 557 3339 pendit.
570 3267 734 3319 Inclinantes
755 3267 832 3337 proni
854 3267 958 3336 ingressa
985 3269 1073 3321 sumus
1087 3269 1113 3322 in
1131 3270 1243 3322 sanslam
1263 3269 1397 3322 civitatem
1411 3270 1436 3320 δι
1450 3287 1503 3320 ve-

459 3349 548 3401 nimus
561 3348 595 3400 ad
605 3346 755 3417 sepulcrum
770 3347 883 3400 Domini
894 3367 900 3415 ;
925 3349 1007 3418 usque
1019 3350 1161 3418 Golgotha
1176 3351 1235 3402 sunt
1247 3349 1332 3420 pallus
1342 3349 1481 3418 osloginta
1493 3373 1503 3414 3

459 3430 493 3480 ab
511 3447 564 3481 una
583 3439 657 3497 parte
677 3427 827 3479 ascenditur
845 3445 890 3497 per
905 3429 1010 3497 gradus,
1023 3430 1069 3482 ubi
1082 3431 1218 3482 Dominus
1236 3430 1269 3482 sd
1282 3429 1502 3498 crucifigendum

460 3509 582 3562 ascendit.
603 3507 674 3559 Nam
689 3507 715 3558 in
730 3507 792 3560 loco
812 3508 858 3560 ubi
879 3509 1020 3562 crucifixus
1034 3510 1069 3561 esi
1082 3523 1188 3581 apparet
1211 3528 1290 3562 cruor
1302 3509 1445 3579 sanguinis.
1463 3510 1505 3560 In

460 3589 515 3660 ipso
528 3589 608 3641 latere
621 3601 694 3659 petre
710 3587 744 3640 est
759 3588 839 3640 altare
854 3589 1002 3658 patriarche
1015 3591 1136 3656 Abrahe‚
1151 3590 1177 3643 in
1191 3609 1246 3661 quo
1257 3591 1396 3644 immolare
1409 3589 1504 3642 voluit

461 3669 555 3722 Ysaac.
570 3668 611 3721 Ibi
628 3669 652 3720 a
667 3667 865 3720 Melchisedech
886 3670 983 3722 obtulit
996 3671 1107 3724 Abrahe
1127 3688 1223 3740 panem
1246 3674 1270 3723 δι
1287 3671 1388 3723 vinum.
1406 3670 1506 3722 lhero-

461 3749 554 3802 solima
576 3749 728 3800 nonhabet
748 3761 950 3818 aquampreter
975 3749 1076 3802 fontem
1100 3751 1177 3802 Siloe.
1201 3751 1280 3803 quta
1296 3750 1427 3803 basilicam
1449 3749 1503 3802 ubi

462 3830 610 3900 sepulcrum
624 3829 658 3880 est
671 3828 820 3880 Domini&
832 3828 906 3881 iuxta
920 3830 1038 3882 Calvarie
1053 3831 1141 3883 locum
1158 3831 1193 3884 est
1206 3831 1374 3902 ecclesiaque
1385 3839 1504 3882 uocatur

463 3909 681 3964 Constantiniana
693 3908 739 3960 ubi
753 3919 805 3960 tres
819 3926 912 3962 cruces
926 3910 1034 3963 fuerunt
1047 3923 1154 3980 reperte.
1168 3913 1222 3965 Hic
1233 3911 1366 3965 transactis
1379 3909 1503 3963 venimus

463 3988 490 4040 in
504 3989 635 4043 basilicam
648 4009 701 4060 que
718 4002 830 4043 vocatur
846 3991 940 4043 Sansla
953 3990 1025 4054 Sion,
1045 3990 1091 4042 ubi
1106 3991 1241 4044 Dominus
1254 3991 1357 4044 cenavit
1373 4009 1434 4043 cum
1448 3990 1503 4042 dis-

464 4068 559 4139 cipulis
581 4070 699 4141 illucque
722 4071 794 4123 veuit
807 4070 917 4140 Spiritus
937 4071 1040 4123 sanstus
1059 4071 1135 4141 super
1156 4071 1295 4141 apostolos.
1318 4072 1360 4123 Ibi
1381 4072 1439 4123 sunt
1461 4070 1502 4122 la·

464 4149 537 4220 pidea
547 4167 608 4203 curn
621 4150 777 4221 quibussuit
788 4150 921 4220 lapidatus
930 4150 1096 4220 Stephanus;
1110 4149 1147 4203 ibi
1156 4151 1191 4202 est
1203 4151 1281 4204 etiam
1295 4151 1440 4220 columpna
1452 4150 1502 4202 ubi

464 4229 612 4300 flagellatus
626 4230 829 4282 suitDominus.
849 4231 926 4283 quta
952 4231 1064 4282 eandem
1083 4230 1216 4283 ecclesiam
1240 4230 1274 4283 est
1286 4231 1338 4283 alia
1353 4229 1459 4282 ecclesia
1471 4229 1499 4282 ln

464 4309 579 4382 pretorio
591 4310 638 4363 ubi
652 4311 717 4363 sedit
730 4309 830 4363 Pilatus
853 4310 962 4379 quando
975 4309 1076 4364 audivit
1088 4310 1247 4364 Dominum.
1261 4311 1302 4363 Ibi
1321 4309 1355 4364 eli
1367 4321 1441 4381 petra
1452 4309 1499 4363 ubi
