<?xml version="1.0" encoding="UTF-8"?>
<!DOCTYPE html PUBLIC "-//W3C//DTD XHTML 1.0 Transitional//EN"
    "http://www.w3.org/TR/xhtml1/DTD/xhtml1-transitional.dtd">
<html xmlns="http://www.w3.org/1999/xhtml" xml:lang="en" lang="en">
 <head>
  <title>
</title>
<meta http-equiv="Content-Type" content="text/html;charset=utf-8" />
  <meta name='ocr-system' content='tesseract 3.04.00' />
  <meta name='ocr-capabilities' content='ocr_page ocr_carea ocr_par ocr_line ocrx_word'/>
</head>
<body>
  <div class='ocr_page' id='page_1' title='image "./itinerahierosol00berngoog_0455.png"; bbox 0 0 3446 5706; ppageno 0'>
   <div class='ocr_carea' id='block_1_1' title="bbox 858 470 1081 525">
    <p class='ocr_par' dir='ltr' id='par_1_1' title="bbox 858 470 1081 525">
     <span class='ocr_line' id='line_1_1' title="bbox 858 470 1081 525; baseline -0.009 -2"><span class='ocrx_word' id='word_1_1' title='bbox 858 470 1081 525; x_wconf 85' lang='lat' dir='ltr'>ANTONINUS</span> 
     </span>
    </p>
   </div>
   <div class='ocr_carea' id='block_1_2' title="bbox 454 459 523 554">
    <p class='ocr_par' dir='ltr' id='par_1_2' title="bbox 454 459 523 554">
     <span class='ocr_line' id='line_1_2' title="bbox 454 459 523 554; baseline 0 -24"><span class='ocrx_word' id='word_1_2' title='bbox 454 459 523 554; x_wconf 86' lang='lat'><strong>380</strong></span> 
     </span>
    </p>
   </div>
   <div class='ocr_carea' id='block_1_3' title="bbox 448 686 1501 3359">
    <p class='ocr_par' dir='ltr' id='par_1_3' title="bbox 448 686 1497 2262">
     <span class='ocr_line' id='line_1_3' title="bbox 449 686 1492 777; baseline -0.002 -23"><span class='ocrx_word' id='word_1_3' title='bbox 449 694 502 777; x_wconf 93' lang='lat' dir='ltr'><strong>qui</strong></span> <span class='ocrx_word' id='word_1_4' title='bbox 523 693 888 774; x_wconf 75' lang='lat' dir='ltr'><strong>funduntaunguentum,</strong></span> <span class='ocrx_word' id='word_1_5' title='bbox 910 687 994 772; x_wconf 94' lang='lat' dir='ltr'><strong>quod</strong></span> <span class='ocrx_word' id='word_1_6' title='bbox 1023 687 1128 750; x_wconf 88' lang='lat' dir='ltr'><strong>oleum</strong></span> <span class='ocrx_word' id='word_1_7' title='bbox 1149 686 1304 769; x_wconf 90' lang='lat' dir='ltr'><strong>petrinum</strong></span> <span class='ocrx_word' id='word_1_8' title='bbox 1326 686 1492 770; x_wconf 86' lang='lat' dir='ltr'><strong>appellant</strong></span> 
     </span>
     <span class='ocr_line' id='line_1_4' title="bbox 448 775 1492 866; baseline -0.004 -23"><span class='ocrx_word' id='word_1_9' title='bbox 448 784 500 866; x_wconf 93' lang='lat' dir='ltr'><strong>qui</strong></span> <span class='ocrx_word' id='word_1_10' title='bbox 516 801 571 864; x_wconf 93' lang='lat' dir='ltr'><strong>pro</strong></span> <span class='ocrx_word' id='word_1_11' title='bbox 585 781 719 842; x_wconf 86' lang='lat' dir='ltr'><strong>maxima</strong></span> <span class='ocrx_word' id='word_1_12' title='bbox 732 777 946 841; x_wconf 79' lang='lat' dir='ltr'><strong>benedittione</strong></span> <span class='ocrx_word' id='word_1_13' title='bbox 961 776 1110 840; x_wconf 72' lang='lat' dir='ltr'><strong>tollitur.b</strong></span> <span class='ocrx_word' id='word_1_14' title='bbox 1130 775 1194 838; x_wconf 86' lang='lat' dir='ltr'><strong>Vas</strong></span> <span class='ocrx_word' id='word_1_15' title='bbox 1209 776 1240 838; x_wconf 94' lang='lat' dir='ltr'><strong>in</strong></span> <span class='ocrx_word' id='word_1_16' title='bbox 1256 797 1319 859; x_wconf 94' lang='lat' dir='ltr'><strong>quo</strong></span> <span class='ocrx_word' id='word_1_17' title='bbox 1335 791 1492 859; x_wconf 88' lang='lat' dir='ltr'><strong>portatur,</strong></span> 
     </span>
     <span class='ocr_line' id='line_1_5' title="bbox 448 862 1495 951; baseline -0.005 -20"><span class='ocrx_word' id='word_1_18' title='bbox 448 866 635 951; x_wconf 88' lang='lat' dir='ltr'><strong>stinpietum</strong></span> <span class='ocrx_word' id='word_1_19' title='bbox 652 867 744 930; x_wconf 90' lang='lat' dir='ltr'><strong>suerit</strong></span> <span class='ocrx_word' id='word_1_20' title='bbox 762 866 792 929; x_wconf 74' lang='grc' dir='ltr'><strong>δι</strong></span> <span class='ocrx_word' id='word_1_21' title='bbox 809 865 942 930; x_wconf 88' lang='lat' dir='ltr'><strong>volueris</strong></span> <span class='ocrx_word' id='word_1_22' title='bbox 963 865 1116 943; x_wconf 85' lang='lat' dir='ltr'>reiterare,</span> <span class='ocrx_word' id='word_1_23' title='bbox 1137 865 1173 924; x_wconf 83' lang='lat' dir='ltr'><strong>ad</strong></span> <span class='ocrx_word' id='word_1_24' title='bbox 1195 862 1366 926; x_wconf 91' lang='lat' dir='ltr'><strong>tollendum</strong></span> <span class='ocrx_word' id='word_1_25' title='bbox 1381 882 1392 912; x_wconf 76' lang='lat'><em>⁶</em></span> <span class='ocrx_word' id='word_1_26' title='bbox 1417 864 1495 950; x_wconf 84' lang='lat' dir='ltr'><strong>iam,</strong></span> 
     </span>
     <span class='ocr_line' id='line_1_6' title="bbox 448 955 1492 1039; baseline -0.004 -18"><span class='ocrx_word' id='word_1_27' title='bbox 448 979 512 1021; x_wconf 90' lang='lat' dir='ltr'><strong>non</strong></span> <span class='ocrx_word' id='word_1_28' title='bbox 521 978 593 1020; x_wconf 92' lang='lat' dir='ltr'><strong>eum</strong></span> <span class='ocrx_word' id='word_1_29' title='bbox 606 957 696 1039; x_wconf 87' lang='lat' dir='ltr'>capit.</span> <span class='ocrx_word' id='word_1_30' title='bbox 708 955 745 1018; x_wconf 92' lang='lat' dir='ltr'><strong>In</strong></span> <span class='ocrx_word' id='word_1_31' title='bbox 754 978 818 1039; x_wconf 91' lang='lat' dir='ltr'><strong>quo</strong></span> <span class='ocrx_word' id='word_1_32' title='bbox 830 955 911 1035; x_wconf 89' lang='lat' dir='ltr'><strong>ioco,</strong></span> <span class='ocrx_word' id='word_1_33' title='bbox 925 956 1166 1038; x_wconf 77' lang='lat' dir='ltr'><strong>quanticumque</strong></span> <span class='ocrx_word' id='word_1_34' title='bbox 1181 955 1305 1036; x_wconf 75' lang='lat' dir='ltr'><strong>egrotid</strong></span> <span class='ocrx_word' id='word_1_35' title='bbox 1313 955 1492 1038; x_wconf 83' lang='lat' dir='ltr'><strong>pertingere</strong></span> 
     </span>
     <span class='ocr_line' id='line_1_7' title="bbox 450 1035 1493 1131; baseline -0.003 -23"><span class='ocrx_word' id='word_1_36' title='bbox 450 1043 581 1130; x_wconf 84' lang='lat' dir='ltr'><strong>possunt,</strong></span> <span class='ocrx_word' id='word_1_37' title='bbox 596 1035 747 1108; x_wconf 85' lang='lat' dir='ltr'><strong>sanantur.&#39;</strong></span> <span class='ocrx_word' id='word_1_38' title='bbox 757 1043 854 1131; x_wconf 76' lang='lat' dir='ltr'><strong>Quod</strong></span> <span class='ocrx_word' id='word_1_39' title='bbox 868 1043 1010 1106; x_wconf 90' lang='lat' dir='ltr'><strong>tollentes</strong></span> <span class='ocrx_word' id='word_1_40' title='bbox 1023 1065 1079 1125; x_wconf 94' lang='lat' dir='ltr'><strong>pro</strong></span> <span class='ocrx_word' id='word_1_41' title='bbox 1094 1042 1322 1121; x_wconf 74' lang='lat' dir='ltr'><strong>benedifflone,</strong></span> <span class='ocrx_word' id='word_1_42' title='bbox 1336 1064 1401 1105; x_wconf 92' lang='lat' dir='ltr'><strong>non</strong></span> <span class='ocrx_word' id='word_1_43' title='bbox 1416 1065 1493 1126; x_wconf 89' lang='lat' dir='ltr'><strong>per·</strong></span> 
     </span>
     <span class='ocr_line' id='line_1_8' title="bbox 452 1130 1495 1221; baseline -0.003 -24"><span class='ocrx_word' id='word_1_44' title='bbox 452 1135 583 1197; x_wconf 89' lang='lat' dir='ltr'><strong>mittitur</strong></span> <span class='ocrx_word' id='word_1_45' title='bbox 593 1134 703 1197; x_wconf 89' lang='lat' dir='ltr'><strong>iterum</strong></span> <span class='ocrx_word' id='word_1_46' title='bbox 714 1134 840 1196; x_wconf 92' lang='lat' dir='ltr'><strong>introire</strong></span> <span class='ocrx_word' id='word_1_47' title='bbox 852 1155 906 1216; x_wconf 90' lang='lat' dir='ltr'><strong>per</strong></span> <span class='ocrx_word' id='word_1_48' title='bbox 918 1132 1060 1221; x_wconf 76' lang='lat' dir='ltr'><strong>Clysma,e</strong></span> <span class='ocrx_word' id='word_1_49' title='bbox 1072 1147 1236 1214; x_wconf 88' lang='lat' dir='ltr'><strong>antequam</strong></span> <span class='ocrx_word' id='word_1_50' title='bbox 1252 1130 1495 1196; x_wconf 86' lang='lat' dir='ltr'><strong>commisceatur</strong></span> 
     </span>
     <span class='ocr_line' id='line_1_9' title="bbox 453 1219 1496 1306; baseline -0.005 -20"><span class='ocrx_word' id='word_1_51' title='bbox 453 1244 525 1286; x_wconf 93' lang='lat' dir='ltr'><strong>cum</strong></span> <span class='ocrx_word' id='word_1_52' title='bbox 547 1220 626 1284; x_wconf 90' lang='lat' dir='ltr'><strong>oleo.</strong></span> <span class='ocrx_word' id='word_1_53' title='bbox 652 1221 735 1283; x_wconf 88' lang='lat' dir='ltr'><strong>Nam</strong></span> <span class='ocrx_word' id='word_1_54' title='bbox 756 1220 776 1282; x_wconf 85' lang='lat' dir='ltr'>fi</span> <span class='ocrx_word' id='word_1_55' title='bbox 796 1243 859 1282; x_wconf 89' lang='lat' dir='ltr'><strong>non</strong></span> <span class='ocrx_word' id='word_1_56' title='bbox 879 1221 1114 1299; x_wconf 84' lang='lat' dir='ltr'>adulteraretur,</span> <span class='ocrx_word' id='word_1_57' title='bbox 1132 1223 1229 1283; x_wconf 90' lang='lat' dir='ltr'><strong>credo</strong></span> <span class='ocrx_word' id='word_1_58' title='bbox 1251 1223 1324 1306; x_wconf 91' lang='lat' dir='ltr'><strong>quia</strong></span> <span class='ocrx_word' id='word_1_59' title='bbox 1342 1221 1372 1283; x_wconf 77' lang='grc' dir='ltr'><strong>δι</strong></span> <span class='ocrx_word' id='word_1_60' title='bbox 1397 1219 1496 1304; x_wconf 87' lang='lat' dir='ltr'><strong>ipsam</strong></span> 
     </span>
     <span class='ocr_line' id='line_1_10' title="bbox 453 1307 1497 1391; baseline -0.005 -17"><span class='ocrx_word' id='word_1_61' title='bbox 453 1313 598 1374; x_wconf 91' lang='lat' dir='ltr'><strong>virtutem</strong></span> <span class='ocrx_word' id='word_1_62' title='bbox 613 1307 729 1390; x_wconf 85' lang='lat' dir='ltr'>semper</span> <span class='ocrx_word' id='word_1_63' title='bbox 740 1309 887 1372; x_wconf 84' lang='lat' dir='ltr'><strong>facerets</strong></span> <span class='ocrx_word' id='word_1_64' title='bbox 898 1308 982 1370; x_wconf 89' lang='lat' dir='ltr'><strong>Nam</strong></span> <span class='ocrx_word' id='word_1_65' title='bbox 993 1307 1096 1391; x_wconf 88' lang='lat' dir='ltr'><strong>liquor</strong></span> <span class='ocrx_word' id='word_1_66' title='bbox 1107 1308 1196 1391; x_wconf 88' lang='lat' dir='ltr'><strong>ipsius</strong></span> <span class='ocrx_word' id='word_1_67' title='bbox 1208 1325 1329 1373; x_wconf 89' lang='lat' dir='ltr'><strong>tenetur</strong></span> <span class='ocrx_word' id='word_1_68' title='bbox 1340 1309 1497 1373; x_wconf 90' lang='lat' dir='ltr'><strong>continuo</strong></span> 
     </span>
     <span class='ocr_line' id='line_1_11' title="bbox 455 1395 1496 1489; baseline 0.002 -24"><span class='ocrx_word' id='word_1_69' title='bbox 455 1423 509 1489; x_wconf 91' lang='lat' dir='ltr'><strong>per</strong></span> <span class='ocrx_word' id='word_1_70' title='bbox 524 1401 542 1483; x_wconf 89' lang='lat' dir='ltr'><strong>ij</strong></span> <span class='ocrx_word' id='word_1_71' title='bbox 560 1395 728 1460; x_wconf 78' lang='lat' dir='ltr'><strong>miliarEt</strong></span> <span class='ocrx_word' id='word_1_72' title='bbox 752 1397 822 1459; x_wconf 90' lang='lat' dir='ltr'><strong>inde</strong></span> <span class='ocrx_word' id='word_1_73' title='bbox 850 1397 938 1459; x_wconf 88' lang='lat' dir='ltr'><strong>nobis</strong></span> <span class='ocrx_word' id='word_1_74' title='bbox 954 1397 1146 1476; x_wconf 83' lang='lat' dir='ltr'><strong>exeuntibus,</strong></span> <span class='ocrx_word' id='word_1_75' title='bbox 1160 1399 1323 1463; x_wconf 63' lang='lat' dir='ltr'><strong>venimus*</strong></span> <span class='ocrx_word' id='word_1_76' title='bbox 1333 1401 1364 1462; x_wconf 93' lang='lat' dir='ltr'><strong>in</strong></span> <span class='ocrx_word' id='word_1_77' title='bbox 1379 1403 1496 1469; x_wconf 87' lang='lat' dir='ltr'><strong>civita-</strong></span> 
     </span>
     <span class='ocr_line' id='line_1_12' title="bbox 456 1483 1495 1575; baseline 0.005 -24"><span class='ocrx_word' id='word_1_78' title='bbox 456 1507 530 1567; x_wconf 87' lang='lat' dir='ltr'><strong>tem,</strong></span> <span class='ocrx_word' id='word_1_79' title='bbox 547 1508 607 1570; x_wconf 91' lang='lat' dir='ltr'><strong>que</strong></span> <span class='ocrx_word' id='word_1_80' title='bbox 623 1485 734 1547; x_wconf 93' lang='lat' dir='ltr'><strong>dicitur</strong></span> <span class='ocrx_word' id='word_1_81' title='bbox 757 1484 891 1575; x_wconf 65' lang='lat' dir='ltr'><strong>Glisma?</strong></span> <span class='ocrx_word' id='word_1_82' title='bbox 908 1485 988 1547; x_wconf 88' lang='lat' dir='ltr'><strong>intus</strong></span> <span class='ocrx_word' id='word_1_83' title='bbox 1013 1483 1043 1546; x_wconf 88' lang='lat' dir='ltr'><strong>in</strong></span> <span class='ocrx_word' id='word_1_84' title='bbox 1064 1484 1198 1548; x_wconf 69' lang='lat' dir='ltr'><strong>basilico·</strong></span> <span class='ocrx_word' id='word_1_85' title='bbox 1214 1487 1347 1552; x_wconf 89' lang='lat' dir='ltr'><strong>vidimus</strong></span> <span class='ocrx_word' id='word_1_86' title='bbox 1371 1490 1495 1558; x_wconf 84' lang='lat' dir='ltr'><strong>loculos</strong></span> 
     </span>
     <span class='ocr_line' id='line_1_13' title="bbox 456 1573 1496 1661; baseline 0.004 -20"><span class='ocrx_word' id='word_1_87' title='bbox 456 1579 575 1661; x_wconf 85' lang='lat' dir='ltr'><strong>ligneos</strong></span> <span class='ocrx_word' id='word_1_88' title='bbox 591 1573 764 1637; x_wconf 76' lang='lat' dir='ltr'><strong>sandtorum</strong></span> <span class='ocrx_word' id='word_1_89' title='bbox 782 1590 903 1656; x_wconf 90' lang='lat' dir='ltr'><strong>patrum</strong></span> <span class='ocrx_word' id='word_1_90' title='bbox 918 1574 999 1657; x_wconf 86' lang='lat' dir='ltr'><strong>cxiiij</strong></span> <span class='ocrx_word' id='word_1_91' title='bbox 1020 1573 1271 1638; x_wconf 68' lang='lat' dir='ltr'><strong>heremitarum*</strong></span> <span class='ocrx_word' id='word_1_92' title='bbox 1286 1575 1328 1639; x_wconf 89' lang='lat' dir='ltr'><strong>Et</strong></span> <span class='ocrx_word' id='word_1_93' title='bbox 1349 1578 1419 1644; x_wconf 89' lang='lat' dir='ltr'><strong>inde</strong></span> <span class='ocrx_word' id='word_1_94' title='bbox 1441 1603 1496 1645; x_wconf 92' lang='lat' dir='ltr'><strong>ve-</strong></span> 
     </span>
     <span class='ocr_line' id='line_1_14' title="bbox 456 1661 1493 1750; baseline 0.006 -22"><span class='ocrx_word' id='word_1_95' title='bbox 456 1667 557 1728; x_wconf 90' lang='lat' dir='ltr'><strong>nimus</strong></span> <span class='ocrx_word' id='word_1_96' title='bbox 573 1686 626 1747; x_wconf 92' lang='lat' dir='ltr'><strong>per</strong></span> <span class='ocrx_word' id='word_1_97' title='bbox 640 1666 802 1727; x_wconf 87' lang='lat' dir='ltr'><strong>heremum</strong></span> <span class='ocrx_word' id='word_1_98' title='bbox 822 1664 858 1726; x_wconf 91' lang='lat' dir='ltr'><strong>ad</strong></span> <span class='ocrx_word' id='word_1_99' title='bbox 881 1663 1056 1746; x_wconf 87' lang='lat' dir='ltr'><strong>speluncam</strong></span> <span class='ocrx_word' id='word_1_100' title='bbox 1072 1663 1151 1726; x_wconf 85' lang='lat' dir='ltr'><strong>beati</strong></span> <span class='ocrx_word' id='word_1_101' title='bbox 1174 1661 1260 1728; x_wconf 89' lang='lat' dir='ltr'><strong>Pauli</strong></span> <span class='ocrx_word' id='word_1_102' title='bbox 1275 1666 1433 1750; x_wconf 83' lang='lat' dir='ltr'>heremite,</span> <span class='ocrx_word' id='word_1_103' title='bbox 1457 1673 1493 1734; x_wconf 88' lang='lat' dir='ltr'><strong>ad</strong></span> 
     </span>
     <span class='ocr_line' id='line_1_15' title="bbox 456 1752 1494 1842; baseline 0.005 -25"><span class='ocrx_word' id='word_1_104' title='bbox 456 1757 573 1817; x_wconf 89' lang='lat' dir='ltr'><strong>sontem</strong></span> <span class='ocrx_word' id='word_1_105' title='bbox 584 1758 595 1802; x_wconf 90' lang='lat' dir='ltr'><strong>i</strong></span> <span class='ocrx_word' id='word_1_106' title='bbox 608 1755 660 1836; x_wconf 91' lang='lat' dir='ltr'><strong>qui</strong></span> <span class='ocrx_word' id='word_1_107' title='bbox 670 1753 982 1831; x_wconf 84' lang='lat' dir='ltr'><strong>vocaturSiracumba,</strong></span> <span class='ocrx_word' id='word_1_108' title='bbox 992 1754 1045 1836; x_wconf 89' lang='lat' dir='ltr'><strong>qui</strong></span> <span class='ocrx_word' id='word_1_109' title='bbox 1057 1754 1125 1816; x_wconf 87' lang='lat' dir='ltr'><strong>sons</strong></span> <span class='ocrx_word' id='word_1_110' title='bbox 1135 1752 1239 1816; x_wconf 92' lang='lat' dir='ltr'><strong>locum</strong></span> <span class='ocrx_word' id='word_1_111' title='bbox 1251 1753 1349 1838; x_wconf 94' lang='lat' dir='ltr'><strong>ipsum</strong></span> <span class='ocrx_word' id='word_1_112' title='bbox 1360 1758 1494 1842; x_wconf 71' lang='lat' dir='ltr'><strong>irrigat.-</strong></span> 
     </span>
     <span class='ocr_line' id='line_1_16' title="bbox 458 1840 1495 1927; baseline 0.009 -23"><span class='ocrx_word' id='word_1_113' title='bbox 458 1840 578 1904; x_wconf 85' lang='lat' dir='ltr'><strong>Exinde</strong></span> <span class='ocrx_word' id='word_1_114' title='bbox 601 1859 759 1927; x_wconf 85' lang='lat' dir='ltr'>pergentes</span> <span class='ocrx_word' id='word_1_115' title='bbox 778 1844 917 1906; x_wconf 85' lang='lat' dir='ltr'><strong>venimus</strong></span> <span class='ocrx_word' id='word_1_116' title='bbox 936 1842 972 1905; x_wconf 92' lang='lat' dir='ltr'><strong>ad</strong></span> <span class='ocrx_word' id='word_1_117' title='bbox 991 1852 1155 1905; x_wconf 63' lang='lat' dir='ltr'><strong>coturnatas</strong></span> <span class='ocrx_word' id='word_1_118' title='bbox 1169 1841 1266 1922; x_wconf 79' lang='lat' dir='ltr'><strong>Nili‚·=</strong></span> <span class='ocrx_word' id='word_1_119' title='bbox 1287 1845 1336 1907; x_wconf 92' lang='lat' dir='ltr'><strong>ubi</strong></span> <span class='ocrx_word' id='word_1_120' title='bbox 1360 1846 1495 1913; x_wconf 87' lang='lat' dir='ltr'><strong>ascendit</strong></span> 
     </span>
     <span class='ocr_line' id='line_1_17' title="bbox 458 1930 1495 2022; baseline 0.006 -28"><span class='ocrx_word' id='word_1_121' title='bbox 458 1952 537 2014; x_wconf 86' lang='lat' dir='ltr'><strong>aqua</strong></span> <span class='ocrx_word' id='word_1_122' title='bbox 551 1930 587 1993; x_wconf 83' lang='lat' dir='ltr'><strong>ad</strong></span> <span class='ocrx_word' id='word_1_123' title='bbox 609 1932 725 2016; x_wconf 85' lang='lat' dir='ltr'><strong>signum</strong></span> <span class='ocrx_word' id='word_1_124' title='bbox 739 1955 832 1994; x_wconf 92' lang='lat' dir='ltr'><strong>manu</strong></span> <span class='ocrx_word' id='word_1_125' title='bbox 847 1932 980 1994; x_wconf 90' lang='lat' dir='ltr'><strong>hominis</strong></span> <span class='ocrx_word' id='word_1_126' title='bbox 995 1931 1110 1993; x_wconf 78' lang='lat' dir='ltr'><strong>fadtum</strong></span> <span class='ocrx_word' id='word_1_127' title='bbox 1131 1930 1161 1994; x_wconf 78' lang='lat' dir='ltr'><strong>di</strong></span> <span class='ocrx_word' id='word_1_128' title='bbox 1182 1932 1274 1995; x_wconf 86' lang='lat' dir='ltr'><strong>habet</strong></span> <span class='ocrx_word' id='word_1_129' title='bbox 1293 1934 1404 2017; x_wconf 86' lang='lat' dir='ltr'><strong>gradus</strong></span> <span class='ocrx_word' id='word_1_130' title='bbox 1425 1939 1495 2022; x_wconf 60' lang='lat' dir='ltr'><strong>xiia</strong></span> 
     </span>
     <span class='ocr_line' id='line_1_18' title="bbox 459 2019 1495 2108; baseline 0.007 -26"><span class='ocrx_word' id='word_1_131' title='bbox 459 2019 507 2082; x_wconf 88' lang='lat' dir='ltr'><strong>Ex</strong></span> <span class='ocrx_word' id='word_1_132' title='bbox 522 2037 648 2103; x_wconf 89' lang='lat' dir='ltr'><strong>utraque</strong></span> <span class='ocrx_word' id='word_1_133' title='bbox 664 2037 747 2104; x_wconf 90' lang='lat' dir='ltr'><strong>parte</strong></span> <span class='ocrx_word' id='word_1_134' title='bbox 767 2020 919 2104; x_wconf 66' lang='lat' dir='ltr'><strong>ipsarum?</strong></span> <span class='ocrx_word' id='word_1_135' title='bbox 939 2020 1158 2083; x_wconf 69' lang='lat' dir='ltr'><strong>cataractarum</strong></span> <span class='ocrx_word' id='word_1_136' title='bbox 1173 2019 1239 2083; x_wconf 93' lang='lat' dir='ltr'><strong>sunt</strong></span> <span class='ocrx_word' id='word_1_137' title='bbox 1264 2023 1323 2086; x_wconf 86' lang='lat' dir='ltr'><strong>due</strong></span> <span class='ocrx_word' id='word_1_138' title='bbox 1345 2025 1495 2108; x_wconf 86' lang='lat' dir='ltr'><strong>civitates,</strong></span> 
     </span>
     <span class='ocr_line' id='line_1_19' title="bbox 460 2107 1494 2197; baseline 0.009 -26"><span class='ocrx_word' id='word_1_139' title='bbox 460 2130 535 2194; x_wconf 84' lang='lat' dir='ltr'><strong>quas</strong></span> <span class='ocrx_word' id='word_1_140' title='bbox 561 2109 668 2173; x_wconf 91' lang='lat' dir='ltr'><strong>dicunt</strong></span> <span class='ocrx_word' id='word_1_141' title='bbox 689 2108 836 2173; x_wconf 86' lang='lat' dir='ltr'><strong>edificasse</strong></span> <span class='ocrx_word' id='word_1_142' title='bbox 857 2109 934 2172; x_wconf 84' lang='lat' dir='ltr'><strong>filias</strong></span> <span class='ocrx_word' id='word_1_143' title='bbox 958 2107 1053 2188; x_wconf 89' lang='lat' dir='ltr'>Loth,</span> <span class='ocrx_word' id='word_1_144' title='bbox 1073 2108 1103 2173; x_wconf 80' lang='lat' dir='ltr'><strong>di</strong></span> <span class='ocrx_word' id='word_1_145' title='bbox 1123 2131 1183 2172; x_wconf 90' lang='lat' dir='ltr'><strong>una</strong></span> <span class='ocrx_word' id='word_1_146' title='bbox 1211 2131 1315 2173; x_wconf 88' lang='lat' dir='ltr'><strong>earum</strong></span> <span class='ocrx_word' id='word_1_147' title='bbox 1335 2113 1494 2197; x_wconf 71' lang='lat' dir='ltr'><strong>Babylonia</strong></span> 
     </span>
     <span class='ocr_line' id='line_1_20' title="bbox 460 2199 581 2262; baseline -0.017 0"><span class='ocrx_word' id='word_1_148' title='bbox 460 2199 581 2262; x_wconf 92' lang='lat' dir='ltr'><strong>dicitur.</strong></span> 
     </span>
    </p>

    <p class='ocr_par' dir='ltr' id='par_1_4' title="bbox 461 2287 1500 3265">
     <span class='ocr_line' id='line_1_21' title="bbox 501 2287 1495 2376; baseline 0.007 -26"><span class='ocrx_word' id='word_1_149' title='bbox 501 2287 597 2350; x_wconf 92' lang='lat' dir='ltr'><strong>Tunc</strong></span> <span class='ocrx_word' id='word_1_150' title='bbox 613 2291 752 2354; x_wconf 87' lang='lat' dir='ltr'><strong>venimus</strong></span> <span class='ocrx_word' id='word_1_151' title='bbox 768 2312 822 2374; x_wconf 93' lang='lat' dir='ltr'><strong>per</strong></span> <span class='ocrx_word' id='word_1_152' title='bbox 832 2307 964 2375; x_wconf 80' lang='lat' dir='ltr'><strong>composi</strong></span> <span class='ocrx_word' id='word_1_153' title='bbox 976 2290 1101 2354; x_wconf 83' lang='lat' dir='ltr'><strong>Thanios</strong></span> <span class='ocrx_word' id='word_1_154' title='bbox 1117 2290 1146 2354; x_wconf 80' lang='lat' dir='ltr'><strong>di</strong></span> <span class='ocrx_word' id='word_1_155' title='bbox 1161 2293 1192 2354; x_wconf 92' lang='lat' dir='ltr'><strong>in</strong></span> <span class='ocrx_word' id='word_1_156' title='bbox 1206 2291 1357 2376; x_wconf 76' lang='lat' dir='ltr'><strong>Mimphir</strong></span> <span class='ocrx_word' id='word_1_157' title='bbox 1371 2294 1495 2358; x_wconf 85' lang='lat' dir='ltr'><strong>civitate</strong></span> 
     </span>
     <span class='ocr_line' id='line_1_22' title="bbox 461 2377 1497 2465; baseline 0.008 -26"><span class='ocrx_word' id='word_1_158' title='bbox 461 2377 491 2439; x_wconf 79' lang='lat' dir='ltr'><strong>dt</strong></span> <span class='ocrx_word' id='word_1_159' title='bbox 503 2377 632 2456; x_wconf 74' lang='lat' dir='ltr'><strong>Antino,⁵</strong></span> <span class='ocrx_word' id='word_1_160' title='bbox 649 2380 678 2441; x_wconf 90' lang='lat' dir='ltr'><strong>in</strong></span> <span class='ocrx_word' id='word_1_161' title='bbox 691 2401 752 2463; x_wconf 90' lang='lat' dir='ltr'><strong>qua</strong></span> <span class='ocrx_word' id='word_1_162' title='bbox 762 2379 907 2442; x_wconf 78' lang='lat' dir='ltr'><strong>residebat</strong></span> <span class='ocrx_word' id='word_1_163' title='bbox 918 2378 1046 2459; x_wconf 87' lang='lat' dir='ltr'><strong>Pharao,</strong></span> <span class='ocrx_word' id='word_1_164' title='bbox 1061 2380 1245 2465; x_wconf 83' lang='lat' dir='ltr'><strong>quandosilij</strong></span> <span class='ocrx_word' id='word_1_165' title='bbox 1259 2378 1349 2443; x_wconf 90' lang='lat' dir='ltr'><strong>Israel</strong></span> <span class='ocrx_word' id='word_1_166' title='bbox 1357 2382 1497 2448; x_wconf 84' lang='lat' dir='ltr'><strong>exierunt</strong></span> 
     </span>
     <span class='ocr_line' id='line_1_23' title="bbox 462 2466 1497 2556; baseline 0.006 -28"><span class='ocrx_word' id='word_1_167' title='bbox 462 2466 501 2528; x_wconf 92' lang='lat' dir='ltr'><strong>de</strong></span> <span class='ocrx_word' id='word_1_168' title='bbox 514 2467 627 2552; x_wconf 86' lang='lat' dir='ltr'><strong>Egypto.</strong></span> <span class='ocrx_word' id='word_1_169' title='bbox 642 2485 651 2518; x_wconf 76' lang='lat' dir='ltr'><strong>t</strong></span> <span class='ocrx_word' id='word_1_170' title='bbox 665 2467 702 2530; x_wconf 92' lang='lat' dir='ltr'><strong>In</strong></span> <span class='ocrx_word' id='word_1_171' title='bbox 714 2466 783 2551; x_wconf 90' lang='lat' dir='ltr'><strong>ipsis</strong></span> <span class='ocrx_word' id='word_1_172' title='bbox 795 2468 871 2532; x_wconf 91' lang='lat' dir='ltr'><strong>locis</strong></span> <span class='ocrx_word' id='word_1_173' title='bbox 886 2467 952 2531; x_wconf 90' lang='lat' dir='ltr'><strong>sunt</strong></span> <span class='ocrx_word' id='word_1_174' title='bbox 962 2471 1074 2531; x_wconf 89' lang='lat' dir='ltr'><strong>horrea</strong></span> <span class='ocrx_word' id='word_1_175' title='bbox 1083 2470 1124 2552; x_wconf 86' lang='lat' dir='ltr'><strong>xij</strong></span> <span class='ocrx_word' id='word_1_176' title='bbox 1135 2467 1276 2553; x_wconf 75' lang='lat' dir='ltr'><strong>uloseph.</strong></span> <span class='ocrx_word' id='word_1_177' title='bbox 1292 2467 1328 2532; x_wconf 89' lang='lat' dir='ltr'><strong>Iii</strong></span> <span class='ocrx_word' id='word_1_178' title='bbox 1340 2471 1497 2556; x_wconf 77' lang='lat' dir='ltr'><strong>Mimpsiiv</strong></span> 
     </span>
     <span class='ocr_line' id='line_1_24' title="bbox 463 2555 1497 2642; baseline 0.008 -25"><span class='ocrx_word' id='word_1_179' title='bbox 463 2556 520 2618; x_wconf 87' lang='lat' dir='ltr'><strong>suit</strong></span> <span class='ocrx_word' id='word_1_180' title='bbox 530 2556 689 2640; x_wconf 84' lang='lat' dir='ltr'><strong>templum,</strong></span> <span class='ocrx_word' id='word_1_181' title='bbox 700 2559 782 2641; x_wconf 91' lang='lat' dir='ltr'><strong>q&#39;uod</strong></span> <span class='ocrx_word' id='word_1_182' title='bbox 793 2555 1081 2638; x_wconf 84' lang='lat' dir='ltr'><strong>modoestecclesia,</strong></span> <span class='ocrx_word' id='word_1_183' title='bbox 1092 2559 1179 2621; x_wconf 93' lang='lat' dir='ltr'><strong>cuius</strong></span> <span class='ocrx_word' id='word_1_184' title='bbox 1190 2580 1251 2622; x_wconf 90' lang='lat' dir='ltr'><strong>una</strong></span> <span class='ocrx_word' id='word_1_185' title='bbox 1259 2575 1347 2642; x_wconf 85' lang='lat' dir='ltr'><strong>porta</strong></span> <span class='ocrx_word' id='word_1_186' title='bbox 1357 2559 1384 2622; x_wconf 90' lang='lat' dir='ltr'><strong>se</strong></span> <span class='ocrx_word' id='word_1_187' title='bbox 1393 2559 1497 2625; x_wconf 87' lang='lat' dir='ltr'><strong>clausit</strong></span> 
     </span>
     <span class='ocr_line' id='line_1_25' title="bbox 463 2648 1498 2734; baseline 0.007 -28"><span class='ocrx_word' id='word_1_188' title='bbox 463 2661 533 2709; x_wconf 91' lang='lat' dir='ltr'><strong>ante</strong></span> <span class='ocrx_word' id='word_1_189' title='bbox 555 2651 729 2712; x_wconf 91' lang='lat' dir='ltr'><strong>Dominum</strong></span> <span class='ocrx_word' id='word_1_190' title='bbox 749 2648 859 2729; x_wconf 91' lang='lat' dir='ltr'><strong>lesum,</strong></span> <span class='ocrx_word' id='word_1_191' title='bbox 879 2648 1002 2733; x_wconf 90' lang='lat' dir='ltr'><strong>quando</strong></span> <span class='ocrx_word' id='word_1_192' title='bbox 1019 2648 1106 2711; x_wconf 88' lang='lat' dir='ltr'><strong>beata</strong></span> <span class='ocrx_word' id='word_1_193' title='bbox 1127 2648 1232 2712; x_wconf 85' lang='lat' dir='ltr'><strong>Maria</strong></span> <span class='ocrx_word' id='word_1_194' title='bbox 1248 2669 1320 2710; x_wconf 91' lang='lat' dir='ltr'><strong>cum</strong></span> <span class='ocrx_word' id='word_1_195' title='bbox 1342 2649 1407 2732; x_wconf 93' lang='lat' dir='ltr'><strong>ipso</strong></span> <span class='ocrx_word' id='word_1_196' title='bbox 1422 2651 1498 2734; x_wconf 86' lang='lat' dir='ltr'><strong>fugit</strong></span> 
     </span>
     <span class='ocr_line' id='line_1_26' title="bbox 464 2735 1499 2824; baseline 0.002 -24"><span class='ocrx_word' id='word_1_197' title='bbox 464 2741 495 2801; x_wconf 90' lang='lat' dir='ltr'><strong>iii</strong></span> <span class='ocrx_word' id='word_1_198' title='bbox 513 2739 661 2824; x_wconf 81' lang='lat' dir='ltr'><strong>Egyptum,</strong></span> <span class='ocrx_word' id='word_1_199' title='bbox 675 2739 705 2802; x_wconf 77' lang='grc' dir='ltr'><strong>δι</strong></span> <span class='ocrx_word' id='word_1_200' title='bbox 719 2741 818 2803; x_wconf 89' lang='lat' dir='ltr'><strong>adhuc</strong></span> <span class='ocrx_word' id='word_1_201' title='bbox 833 2761 896 2801; x_wconf 92' lang='lat' dir='ltr'><strong>non</strong></span> <span class='ocrx_word' id='word_1_202' title='bbox 915 2737 1013 2822; x_wconf 89' lang='lat' dir='ltr'><strong>potest</strong></span> <span class='ocrx_word' id='word_1_203' title='bbox 1031 2739 1147 2820; x_wconf 88' lang='lat' dir='ltr'><strong>aperiri.</strong></span> <span class='ocrx_word' id='word_1_204' title='bbox 1162 2735 1208 2799; x_wconf 93' lang='lat' dir='ltr'><strong>lbi</strong></span> <span class='ocrx_word' id='word_1_205' title='bbox 1225 2738 1358 2802; x_wconf 89' lang='lat' dir='ltr'><strong>vidimus</strong></span> <span class='ocrx_word' id='word_1_206' title='bbox 1371 2739 1499 2821; x_wconf 88' lang='lat' dir='ltr'><strong>pallium</strong></span> 
     </span>
     <span class='ocr_line' id='line_1_27' title="bbox 465 2824 1497 2912; baseline 0 -20"><span class='ocrx_word' id='word_1_207' title='bbox 465 2831 591 2908; x_wconf 83' lang='lat' dir='ltr'><strong>lineum,</strong></span> <span class='ocrx_word' id='word_1_208' title='bbox 602 2831 633 2891; x_wconf 90' lang='lat' dir='ltr'><strong>iii</strong></span> <span class='ocrx_word' id='word_1_209' title='bbox 644 2851 707 2912; x_wconf 91' lang='lat' dir='ltr'><strong>quo</strong></span> <span class='ocrx_word' id='word_1_210' title='bbox 719 2829 825 2891; x_wconf 91' lang='lat' dir='ltr'><strong>dicunt</strong></span> <span class='ocrx_word' id='word_1_211' title='bbox 837 2829 923 2891; x_wconf 90' lang='lat' dir='ltr'><strong>illum</strong></span> <span class='ocrx_word' id='word_1_212' title='bbox 936 2844 1075 2911; x_wconf 92' lang='lat' dir='ltr'><strong>tempore</strong></span> <span class='ocrx_word' id='word_1_213' title='bbox 1084 2827 1137 2890; x_wconf 92' lang='lat' dir='ltr'><strong>illo</strong></span> <span class='ocrx_word' id='word_1_214' title='bbox 1147 2827 1175 2888; x_wconf 90' lang='lat' dir='ltr'><strong>se</strong></span> <span class='ocrx_word' id='word_1_215' title='bbox 1186 2849 1203 2878; x_wconf 73' lang='lat' dir='ltr'><em>x</em></span> <span class='ocrx_word' id='word_1_216' title='bbox 1215 2824 1334 2906; x_wconf 79' lang='lat' dir='ltr'><strong>tersisse,</strong></span> <span class='ocrx_word' id='word_1_217' title='bbox 1342 2828 1372 2891; x_wconf 80' lang='lat' dir='ltr'><strong>dt</strong></span> <span class='ocrx_word' id='word_1_218' title='bbox 1380 2829 1497 2892; x_wconf 92' lang='lat' dir='ltr'><strong>idcirco</strong></span> 
     </span>
     <span class='ocr_line' id='line_1_28' title="bbox 465 2914 1496 3004; baseline -0.002 -21"><span class='ocrx_word' id='word_1_219' title='bbox 465 2921 507 2983; x_wconf 91' lang='lat' dir='ltr'><strong>ibi</strong></span> <span class='ocrx_word' id='word_1_220' title='bbox 522 2921 587 2982; x_wconf 89' lang='lat' dir='ltr'><strong>eius</strong></span> <span class='ocrx_word' id='word_1_221' title='bbox 600 2915 768 2981; x_wconf 79' lang='lat' dir='ltr'><strong>remansisse</strong></span> <span class='ocrx_word' id='word_1_222' title='bbox 782 2918 935 3002; x_wconf 65' lang='lat' dir='ltr'><strong>vestigia.)</strong></span> <span class='ocrx_word' id='word_1_223' title='bbox 952 2915 1027 3004; x_wconf 76' lang='lat' dir='ltr'><strong>Que</strong></span> <span class='ocrx_word' id='word_1_224' title='bbox 1043 2917 1143 2998; x_wconf 87' lang='lat' dir='ltr'><strong>imago</strong></span> <span class='ocrx_word' id='word_1_225' title='bbox 1159 2914 1282 3000; x_wconf 85' lang='lat' dir='ltr'><strong>singulis</strong></span> <span class='ocrx_word' id='word_1_226' title='bbox 1305 2919 1496 3000; x_wconf 82' lang='lat' dir='ltr'><strong>temporibus</strong></span> 
     </span>
     <span class='ocr_line' id='line_1_29' title="bbox 467 3004 1500 3088; baseline -0.004 -16"><span class='ocrx_word' id='word_1_227' title='bbox 467 3009 618 3086; x_wconf 88' lang='lat' dir='ltr'><strong>adoratur,</strong></span> <span class='ocrx_word' id='word_1_228' title='bbox 640 3007 746 3071; x_wconf 88' lang='lat' dir='ltr'><strong>&amp;nos</strong></span> <span class='ocrx_word' id='word_1_229' title='bbox 767 3008 970 3085; x_wconf 83' lang='lat' dir='ltr'><strong>adoravimus,</strong></span> <span class='ocrx_word' id='word_1_230' title='bbox 996 3004 1037 3067; x_wconf 90' lang='lat' dir='ltr'><strong>set</strong></span> <span class='ocrx_word' id='word_1_231' title='bbox 1060 3021 1185 3088; x_wconf 92' lang='lat' dir='ltr'><strong>propter</strong></span> <span class='ocrx_word' id='word_1_232' title='bbox 1211 3005 1405 3088; x_wconf 89' lang='lat' dir='ltr'><strong>splendorem</strong></span> <span class='ocrx_word' id='word_1_233' title='bbox 1437 3028 1500 3069; x_wconf 90' lang='lat' dir='ltr'><strong>non</strong></span> 
     </span>
     <span class='ocr_line' id='line_1_30' title="bbox 468 3093 1499 3180; baseline -0.004 -20"><span class='ocrx_word' id='word_1_234' title='bbox 468 3099 624 3180; x_wconf 89' lang='lat' dir='ltr'><strong>potuimus</strong></span> <span class='ocrx_word' id='word_1_235' title='bbox 639 3098 669 3158; x_wconf 89' lang='lat' dir='ltr'><strong>iii</strong></span> <span class='ocrx_word' id='word_1_236' title='bbox 685 3116 756 3158; x_wconf 90' lang='lat' dir='ltr'><strong>eum</strong></span> <span class='ocrx_word' id='word_1_237' title='bbox 775 3097 942 3174; x_wconf 91' lang='lat' dir='ltr'><strong>intendere,</strong></span> <span class='ocrx_word' id='word_1_238' title='bbox 960 3096 1195 3179; x_wconf 88' lang='lat' dir='ltr'><strong>quiaquantum</strong></span> <span class='ocrx_word' id='word_1_239' title='bbox 1210 3096 1241 3157; x_wconf 92' lang='lat' dir='ltr'><strong>in</strong></span> <span class='ocrx_word' id='word_1_240' title='bbox 1257 3093 1351 3177; x_wconf 91' lang='lat' dir='ltr'><strong>ipsam</strong></span> <span class='ocrx_word' id='word_1_241' title='bbox 1366 3096 1499 3177; x_wconf 85' lang='lat' dir='ltr'><strong>effigiem</strong></span> 
     </span>
     <span class='ocr_line' id='line_1_31' title="bbox 468 3184 1060 3265; baseline -0.008 -14"><span class='ocrx_word' id='word_1_242' title='bbox 468 3187 820 3265; x_wconf 70' lang='lat' dir='ltr'><strong>intendis,²immutatur</strong></span> <span class='ocrx_word' id='word_1_243' title='bbox 832 3187 863 3247; x_wconf 93' lang='lat' dir='ltr'><strong>in</strong></span> <span class='ocrx_word' id='word_1_244' title='bbox 878 3184 976 3247; x_wconf 88' lang='lat' dir='ltr'><strong>oculis</strong></span> <span class='ocrx_word' id='word_1_245' title='bbox 992 3185 1060 3247; x_wconf 88' lang='lat' dir='ltr'><strong>tuis.</strong></span> 
     </span>
    </p>

    <p class='ocr_par' dir='ltr' id='par_1_5' title="bbox 508 3273 1501 3359">
     <span class='ocr_line' id='line_1_32' title="bbox 508 3273 1501 3359; baseline -0.003 -21"><span class='ocrx_word' id='word_1_246' title='bbox 508 3274 736 3338; x_wconf 90' lang='lat' dir='ltr'><strong>Descendentes</strong></span> <span class='ocrx_word' id='word_1_247' title='bbox 752 3295 804 3358; x_wconf 91' lang='lat' dir='ltr'><strong>per</strong></span> <span class='ocrx_word' id='word_1_248' title='bbox 818 3275 966 3359; x_wconf 81' lang='lat' dir='ltr'><strong>Egyptum,</strong></span> <span class='ocrx_word' id='word_1_249' title='bbox 981 3274 1120 3337; x_wconf 92' lang='lat' dir='ltr'><strong>venimus</strong></span> <span class='ocrx_word' id='word_1_250' title='bbox 1135 3274 1166 3335; x_wconf 92' lang='lat' dir='ltr'><strong>in</strong></span> <span class='ocrx_word' id='word_1_251' title='bbox 1179 3274 1337 3336; x_wconf 85' lang='lat' dir='ltr'><strong>civitatem</strong></span> <span class='ocrx_word' id='word_1_252' title='bbox 1352 3273 1464 3357; x_wconf 59' lang='lat' dir='ltr'><strong>suscipi</strong></span> <span class='ocrx_word' id='word_1_253' title='bbox 1471 3293 1501 3323; x_wconf 69' lang='grc' dir='ltr'><strong>σα</strong></span> 
     </span>
    </p>
   </div>
   <div class='ocr_carea' id='block_1_4' title="bbox 469 3455 958 4332">
    <p class='ocr_par' dir='ltr' id='par_1_6' title="bbox 469 3455 958 4250">
     <span class='ocr_line' id='line_1_33' title="bbox 504 3455 950 3524; baseline -0.007 -15"><span class='ocrx_word' id='word_1_254' title='bbox 504 3475 528 3510; x_wconf 84' lang='lat' dir='ltr'><strong>a.</strong></span> <span class='ocrx_word' id='word_1_255' title='bbox 541 3459 568 3510; x_wconf 85' lang='lat' dir='ltr'><strong>P.</strong></span> <span class='ocrx_word' id='word_1_256' title='bbox 584 3456 672 3509; x_wconf 87' lang='lat' dir='ltr'><strong>fundit.</strong></span> <span class='ocrx_word' id='word_1_257' title='bbox 682 3487 717 3496; x_wconf 95' lang='lat'>—</span> <span class='ocrx_word' id='word_1_258' title='bbox 736 3459 762 3509; x_wconf 88' lang='lat' dir='ltr'><strong>b.</strong></span> <span class='ocrx_word' id='word_1_259' title='bbox 779 3457 803 3507; x_wconf 89' lang='lat' dir='ltr'><strong>P.</strong></span> <span class='ocrx_word' id='word_1_260' title='bbox 817 3455 950 3524; x_wconf 82' lang='lat' dir='ltr'><strong>colligitur.</strong></span> 
     </span>
     <span class='ocr_line' id='line_1_34' title="bbox 470 3536 951 3606; baseline -0.006 -16"><span class='ocrx_word' id='word_1_261' title='bbox 470 3568 503 3578; x_wconf 91' lang='lat'>—</span> <span class='ocrx_word' id='word_1_262' title='bbox 516 3555 538 3590; x_wconf 89' lang='lat' dir='ltr'><strong>c.</strong></span> <span class='ocrx_word' id='word_1_263' title='bbox 552 3536 730 3606; x_wconf 85' lang='lat' dir='ltr'><strong>coiligendum.</strong></span> <span class='ocrx_word' id='word_1_264' title='bbox 745 3569 780 3576; x_wconf 96' lang='lat'><strong>—</strong></span> <span class='ocrx_word' id='word_1_265' title='bbox 793 3537 818 3589; x_wconf 95' lang='lat' dir='ltr'><strong>d.</strong></span> <span class='ocrx_word' id='word_1_266' title='bbox 831 3536 951 3588; x_wconf 88' lang='lat' dir='ltr'><strong>maxime-</strong></span> 
     </span>
     <span class='ocr_line' id='line_1_35' title="bbox 469 3615 952 3686; baseline 0 -18"><span class='ocrx_word' id='word_1_267' title='bbox 469 3634 519 3686; x_wconf 91' lang='lat' dir='ltr'><strong>que</strong></span> <span class='ocrx_word' id='word_1_268' title='bbox 531 3617 686 3686; x_wconf 87' lang='lat' dir='ltr'><strong>energumini</strong></span> <span class='ocrx_word' id='word_1_269' title='bbox 706 3618 769 3670; x_wconf 84' lang='lat' dir='ltr'><strong>add.</strong></span> <span class='ocrx_word' id='word_1_270' title='bbox 789 3619 817 3668; x_wconf 82' lang='lat' dir='ltr'><strong>V.</strong></span> <span class='ocrx_word' id='word_1_271' title='bbox 841 3645 873 3655; x_wconf 89' lang='lat'>—</span> <span class='ocrx_word' id='word_1_272' title='bbox 890 3633 911 3668; x_wconf 85' lang='lat' dir='ltr'><strong>e.</strong></span> <span class='ocrx_word' id='word_1_273' title='bbox 926 3615 952 3668; x_wconf 84' lang='grc' dir='ltr'><strong>Ρ.</strong></span> 
     </span>
     <span class='ocr_line' id='line_1_36' title="bbox 470 3696 953 3768; baseline -0.01 -16"><span class='ocrx_word' id='word_1_274' title='bbox 470 3697 519 3752; x_wconf 89' lang='lat' dir='ltr'><strong>Dei</strong></span> <span class='ocrx_word' id='word_1_275' title='bbox 541 3709 654 3750; x_wconf 87' lang='lat' dir='ltr'><strong>montem</strong></span> <span class='ocrx_word' id='word_1_276' title='bbox 680 3699 755 3768; x_wconf 84' lang='lat' dir='ltr'><strong>Syna.</strong></span> <span class='ocrx_word' id='word_1_277' title='bbox 780 3727 814 3736; x_wconf 89' lang='lat'><strong>—-</strong></span> <span class='ocrx_word' id='word_1_278' title='bbox 832 3697 848 3749; x_wconf 94' lang='lat' dir='ltr'><strong>s.</strong></span> <span class='ocrx_word' id='word_1_279' title='bbox 869 3697 894 3748; x_wconf 89' lang='lat' dir='ltr'><strong>P.</strong></span> <span class='ocrx_word' id='word_1_280' title='bbox 916 3696 953 3747; x_wconf 90' lang='lat' dir='ltr'><strong>di·</strong></span> 
     </span>
     <span class='ocr_line' id='line_1_37' title="bbox 471 3777 954 3847; baseline -0.006 -16"><span class='ocrx_word' id='word_1_281' title='bbox 471 3788 532 3831; x_wconf 91' lang='lat' dir='ltr'><strong>cunt</strong></span> <span class='ocrx_word' id='word_1_282' title='bbox 550 3794 619 3843; x_wconf 86' lang='lat' dir='ltr'><strong>vero,</strong></span> <span class='ocrx_word' id='word_1_283' title='bbox 642 3778 701 3847; x_wconf 88' lang='lat' dir='ltr'><strong>quia</strong></span> <span class='ocrx_word' id='word_1_284' title='bbox 717 3777 790 3830; x_wconf 86' lang='lat' dir='ltr'><strong>huius</strong></span> <span class='ocrx_word' id='word_1_285' title='bbox 807 3777 855 3830; x_wconf 85' lang='lat' dir='ltr'><strong>olei</strong></span> <span class='ocrx_word' id='word_1_286' title='bbox 873 3777 954 3845; x_wconf 84' lang='lat' dir='ltr'><strong>liquor</strong></span> 
     </span>
     <span class='ocr_line' id='line_1_38' title="bbox 473 3857 953 3926; baseline -0.004 -16"><span class='ocrx_word' id='word_1_287' title='bbox 473 3875 591 3926; x_wconf 83' lang='lat' dir='ltr'><strong>magnam</strong></span> <span class='ocrx_word' id='word_1_288' title='bbox 619 3857 697 3911; x_wconf 87' lang='lat' dir='ltr'><strong>habet</strong></span> <span class='ocrx_word' id='word_1_289' title='bbox 722 3857 848 3911; x_wconf 87' lang='lat' dir='ltr'><strong>virtutem.</strong></span> <span class='ocrx_word' id='word_1_290' title='bbox 874 3885 906 3896; x_wconf 89' lang='lat'>-</span> <span class='ocrx_word' id='word_1_291' title='bbox 928 3875 953 3926; x_wconf 84' lang='lat' dir='ltr'><strong>g.</strong></span> 
     </span>
     <span class='ocr_line' id='line_1_39' title="bbox 474 3937 955 3991; baseline -0.01 0"><span class='ocrx_word' id='word_1_292' title='bbox 474 3957 558 3991; x_wconf 91' lang='lat' dir='ltr'><strong>nam...</strong></span> <span class='ocrx_word' id='word_1_293' title='bbox 573 3937 713 3991; x_wconf 68' lang='lat' dir='ltr'><strong>miliarisia</strong></span> <span class='ocrx_word' id='word_1_294' title='bbox 728 3938 818 3990; x_wconf 88' lang='lat' dir='ltr'>P.-h.</span> <span class='ocrx_word' id='word_1_295' title='bbox 831 3939 856 3991; x_wconf 69' lang='grc' dir='ltr'><strong>δι</strong></span> <span class='ocrx_word' id='word_1_296' title='bbox 873 3938 955 3990; x_wconf 87' lang='lat' dir='ltr'><strong>inde...</strong></span> 
     </span>
     <span class='ocr_line' id='line_1_40' title="bbox 474 4017 954 4073; baseline -0.01 0"><span class='ocrx_word' id='word_1_297' title='bbox 474 4019 587 4073; x_wconf 80' lang='lat' dir='ltr'><strong>venimus</strong></span> <span class='ocrx_word' id='word_1_298' title='bbox 599 4022 625 4071; x_wconf 89' lang='lat' dir='ltr'><strong>d.</strong></span> <span class='ocrx_word' id='word_1_299' title='bbox 640 4017 665 4070; x_wconf 84' lang='lat' dir='ltr'><strong>in</strong></span> <span class='ocrx_word' id='word_1_300' title='bbox 678 4021 703 4071; x_wconf 86' lang='lat' dir='ltr'><strong>P.</strong></span> <span class='ocrx_word' id='word_1_301' title='bbox 718 4049 751 4058; x_wconf 93' lang='lat'>-</span> <span class='ocrx_word' id='word_1_302' title='bbox 770 4020 786 4070; x_wconf 91' lang='lat' dir='ltr'><strong>i.</strong></span> <span class='ocrx_word' id='word_1_303' title='bbox 804 4021 829 4070; x_wconf 85' lang='grc' dir='ltr'><strong>Ρ.</strong></span> <span class='ocrx_word' id='word_1_304' title='bbox 851 4017 954 4071; x_wconf 86' lang='lat' dir='ltr'><strong>Osisma.</strong></span> 
     </span>
     <span class='ocr_line' id='line_1_41' title="bbox 471 4099 957 4172; baseline -0.006 -18"><span class='ocrx_word' id='word_1_305' title='bbox 471 4106 492 4172; x_wconf 87' lang='lat' dir='ltr'><strong>j.</strong></span> <span class='ocrx_word' id='word_1_306' title='bbox 508 4104 598 4154; x_wconf 86' lang='lat' dir='ltr'><strong>intus...</strong></span> <span class='ocrx_word' id='word_1_307' title='bbox 612 4099 710 4152; x_wconf 82' lang='lat' dir='ltr'><strong>basilica</strong></span> <span class='ocrx_word' id='word_1_308' title='bbox 725 4103 750 4152; x_wconf 84' lang='lat' dir='ltr'><strong>d.</strong></span> <span class='ocrx_word' id='word_1_309' title='bbox 775 4099 801 4152; x_wconf 86' lang='lat' dir='ltr'><strong>i&#39;ii</strong></span> <span class='ocrx_word' id='word_1_310' title='bbox 823 4103 862 4164; x_wconf 69' lang='lat' dir='ltr'><strong>V,</strong></span> <span class='ocrx_word' id='word_1_311' title='bbox 883 4102 903 4151; x_wconf 85' lang='lat' dir='ltr'><strong>I.</strong></span> <span class='ocrx_word' id='word_1_312' title='bbox 924 4129 957 4138; x_wconf 92' lang='lat'>-</span> 
     </span>
     <span class='ocr_line' id='line_1_42' title="bbox 476 4179 958 4250; baseline -0.01 -13"><span class='ocrx_word' id='word_1_313' title='bbox 476 4186 501 4237; x_wconf 86' lang='lat' dir='ltr'><strong>k.</strong></span> <span class='ocrx_word' id='word_1_314' title='bbox 517 4185 541 4234; x_wconf 85' lang='lat' dir='ltr'><em>V</em></span> <span class='ocrx_word' id='word_1_315' title='bbox 542 4223 559 4248; x_wconf 88' lang='lat'><strong>.,</strong></span> <span class='ocrx_word' id='word_1_316' title='bbox 571 4185 591 4234; x_wconf 84' lang='grc' dir='ltr'><strong>Ι.</strong></span> <span class='ocrx_word' id='word_1_317' title='bbox 605 4181 679 4234; x_wconf 73' lang='lat' dir='ltr'><strong>satist.</strong></span> <span class='ocrx_word' id='word_1_318' title='bbox 693 4192 746 4250; x_wconf 73' lang='lat' dir='ltr'><strong>pat,</strong></span> <span class='ocrx_word' id='word_1_319' title='bbox 762 4181 856 4233; x_wconf 87' lang='lat' dir='ltr'><strong>herem.</strong></span> <span class='ocrx_word' id='word_1_320' title='bbox 870 4179 958 4247; x_wconf 83' lang='lat' dir='ltr'><strong>xiij.-</strong></span> 
     </span>
    </p>

    <p class='ocr_par' dir='ltr' id='par_1_7' title="bbox 506 4259 957 4332">
     <span class='ocr_line' id='line_1_43' title="bbox 506 4259 957 4332; baseline -0.018 -14"><span class='ocrx_word' id='word_1_321' title='bbox 506 4264 538 4318; x_wconf 78' lang='lat' dir='ltr'><strong>ad</strong></span> <span class='ocrx_word' id='word_1_322' title='bbox 551 4262 647 4314; x_wconf 80' lang='lat' dir='ltr'><strong>iontem</strong></span> <span class='ocrx_word' id='word_1_323' title='bbox 661 4265 686 4316; x_wconf 86' lang='lat' dir='ltr'><strong>d.</strong></span> <span class='ocrx_word' id='word_1_324' title='bbox 699 4261 725 4314; x_wconf 86' lang='lat' dir='ltr'><strong>in</strong></span> <span class='ocrx_word' id='word_1_325' title='bbox 739 4263 776 4330; x_wconf 79' lang='lat' dir='ltr'><strong>V,</strong></span> <span class='ocrx_word' id='word_1_326' title='bbox 785 4263 806 4313; x_wconf 88' lang='lat' dir='ltr'><strong>i.</strong></span> <span class='ocrx_word' id='word_1_327' title='bbox 816 4277 890 4311; x_wconf 90' lang='lat' dir='ltr'><strong>-m</strong></span> <span class='ocrx_word' id='word_1_328' title='bbox 911 4259 957 4332; x_wconf 91' lang='lat' dir='ltr'><strong>qui</strong></span> 
     </span>
    </p>
   </div>
   <div class='ocr_carea' id='block_1_5' title="bbox 1013 3452 1505 4326">
    <p class='ocr_par' dir='ltr' id='par_1_8' title="bbox 1013 3452 1505 4326">
     <span class='ocr_line' id='line_1_44' title="bbox 1013 3452 1502 3521; baseline 0 -15"><span class='ocrx_word' id='word_1_329' title='bbox 1013 3455 1098 3507; x_wconf 85' lang='lat' dir='ltr'><strong>sons...</strong></span> <span class='ocrx_word' id='word_1_330' title='bbox 1112 3453 1199 3521; x_wconf 80' lang='lat' dir='ltr'><strong>irrigat</strong></span> <span class='ocrx_word' id='word_1_331' title='bbox 1215 3456 1240 3504; x_wconf 86' lang='lat' dir='ltr'><strong>d.</strong></span> <span class='ocrx_word' id='word_1_332' title='bbox 1263 3452 1288 3504; x_wconf 84' lang='lat' dir='ltr'><strong>iii</strong></span> <span class='ocrx_word' id='word_1_333' title='bbox 1307 3455 1336 3504; x_wconf 86' lang='lat' dir='ltr'><strong>V.</strong></span> <span class='ocrx_word' id='word_1_334' title='bbox 1357 3481 1389 3490; x_wconf 92' lang='lat'><em>-</em></span> <span class='ocrx_word' id='word_1_335' title='bbox 1405 3471 1431 3504; x_wconf 92' lang='lat' dir='ltr'><strong>n.</strong></span> <span class='ocrx_word' id='word_1_336' title='bbox 1452 3455 1502 3506; x_wconf 90' lang='lat' dir='ltr'><strong>Niii</strong></span> 
     </span>
     <span class='ocr_line' id='line_1_45' title="bbox 1014 3532 1502 3587; baseline -0.004 0"><span class='ocrx_word' id='word_1_337' title='bbox 1014 3537 1040 3587; x_wconf 89' lang='lat' dir='ltr'><strong>d.</strong></span> <span class='ocrx_word' id='word_1_338' title='bbox 1054 3534 1080 3585; x_wconf 88' lang='lat' dir='ltr'><strong>in</strong></span> <span class='ocrx_word' id='word_1_339' title='bbox 1093 3535 1117 3584; x_wconf 84' lang='lat' dir='ltr'><strong>P.</strong></span> <span class='ocrx_word' id='word_1_340' title='bbox 1141 3563 1176 3572; x_wconf 84' lang='lat'><strong>—-</strong></span> <span class='ocrx_word' id='word_1_341' title='bbox 1199 3549 1222 3585; x_wconf 91' lang='lat' dir='ltr'><strong>o.</strong></span> <span class='ocrx_word' id='word_1_342' title='bbox 1240 3535 1265 3584; x_wconf 84' lang='lat' dir='ltr'><strong>P.</strong></span> <span class='ocrx_word' id='word_1_343' title='bbox 1289 3532 1333 3585; x_wconf 91' lang='lat' dir='ltr'><strong>ubi</strong></span> <span class='ocrx_word' id='word_1_344' title='bbox 1349 3533 1463 3585; x_wconf 83' lang='lat' dir='ltr'><strong>ascendit</strong></span> <span class='ocrx_word' id='word_1_345' title='bbox 1477 3535 1502 3586; x_wconf 88' lang='lat' dir='ltr'><strong>iii</strong></span> 
     </span>
     <span class='ocr_line' id='line_1_46' title="bbox 1015 3611 1502 3685; baseline -0.004 -19"><span class='ocrx_word' id='word_1_346' title='bbox 1015 3631 1065 3685; x_wconf 89' lang='lat' dir='ltr'><strong>qua</strong></span> <span class='ocrx_word' id='word_1_347' title='bbox 1075 3631 1119 3683; x_wconf 89' lang='lat' dir='ltr'><strong>per</strong></span> <span class='ocrx_word' id='word_1_348' title='bbox 1131 3611 1224 3682; x_wconf 74' lang='lat' dir='ltr'><strong>gredm</strong></span> <span class='ocrx_word' id='word_1_349' title='bbox 1238 3611 1384 3664; x_wconf 89' lang='lat' dir='ltr'><strong>duodecim.</strong></span> <span class='ocrx_word' id='word_1_350' title='bbox 1396 3641 1426 3650; x_wconf 93' lang='lat'>—</span> <span class='ocrx_word' id='word_1_351' title='bbox 1436 3631 1463 3682; x_wconf 90' lang='lat' dir='ltr'><strong>p.</strong></span> <span class='ocrx_word' id='word_1_352' title='bbox 1475 3614 1502 3665; x_wconf 86' lang='lat' dir='ltr'><strong>P.</strong></span> 
     </span>
     <span class='ocr_line' id='line_1_47' title="bbox 1015 3695 1502 3762; baseline -0.002 -15"><span class='ocrx_word' id='word_1_353' title='bbox 1015 3696 1173 3747; x_wconf 85' lang='lat' dir='ltr'><strong>duarum-</strong></span> <span class='ocrx_word' id='word_1_354' title='bbox 1185 3711 1211 3762; x_wconf 92' lang='lat' dir='ltr'><strong>q.</strong></span> <span class='ocrx_word' id='word_1_355' title='bbox 1224 3695 1249 3744; x_wconf 84' lang='lat' dir='ltr'><strong>P.</strong></span> <span class='ocrx_word' id='word_1_356' title='bbox 1262 3709 1458 3762; x_wconf 86' lang='lat' dir='ltr'><strong>campum-r.</strong></span> <span class='ocrx_word' id='word_1_357' title='bbox 1473 3695 1502 3746; x_wconf 85' lang='lat' dir='ltr'><strong>V.</strong></span> 
     </span>
     <span class='ocr_line' id='line_1_48' title="bbox 1016 3770 1503 3843; baseline -0.002 -17"><span class='ocrx_word' id='word_1_358' title='bbox 1016 3773 1127 3843; x_wconf 88' lang='lat' dir='ltr'><strong>Nimphi.</strong></span> <span class='ocrx_word' id='word_1_359' title='bbox 1140 3803 1175 3811; x_wconf 92' lang='lat'><em>-</em></span> <span class='ocrx_word' id='word_1_360' title='bbox 1188 3789 1207 3824; x_wconf 87' lang='lat' dir='ltr'><strong>s.</strong></span> <span class='ocrx_word' id='word_1_361' title='bbox 1220 3773 1270 3824; x_wconf 79' lang='lat' dir='ltr'><strong>dt...</strong></span> <span class='ocrx_word' id='word_1_362' title='bbox 1285 3770 1387 3824; x_wconf 89' lang='lat' dir='ltr'><strong>Antino</strong></span> <span class='ocrx_word' id='word_1_363' title='bbox 1401 3775 1427 3824; x_wconf 86' lang='lat' dir='ltr'><strong>d.</strong></span> <span class='ocrx_word' id='word_1_364' title='bbox 1439 3771 1465 3824; x_wconf 81' lang='lat' dir='ltr'><strong>iii</strong></span> <span class='ocrx_word' id='word_1_365' title='bbox 1478 3775 1503 3825; x_wconf 85' lang='grc' dir='ltr'><strong>Ρ.</strong></span> 
     </span>
     <span class='ocr_line' id='line_1_49' title="bbox 1017 3850 1504 3920; baseline -0.002 -14"><span class='ocrx_word' id='word_1_366' title='bbox 1017 3883 1053 3893; x_wconf 92' lang='lat'><em>-</em></span> <span class='ocrx_word' id='word_1_367' title='bbox 1065 3865 1082 3906; x_wconf 90' lang='lat' dir='ltr'>t.</span> <span class='ocrx_word' id='word_1_368' title='bbox 1098 3855 1211 3920; x_wconf 85' lang='lat' dir='ltr'><strong>V.,I.ex</strong></span> <span class='ocrx_word' id='word_1_369' title='bbox 1228 3869 1278 3920; x_wconf 87' lang='lat' dir='ltr'><strong>qua</strong></span> <span class='ocrx_word' id='word_1_370' title='bbox 1291 3850 1333 3918; x_wconf 82' lang='lat' dir='ltr'><strong>fiiij</strong></span> <span class='ocrx_word' id='word_1_371' title='bbox 1346 3851 1421 3904; x_wconf 85' lang='lat' dir='ltr'><strong>Istaei</strong></span> <span class='ocrx_word' id='word_1_372' title='bbox 1436 3853 1504 3905; x_wconf 81' lang='lat' dir='ltr'><strong>exie-</strong></span> 
     </span>
     <span class='ocr_line' id='line_1_50' title="bbox 1018 3931 1504 3998; baseline -0.004 -12"><span class='ocrx_word' id='word_1_373' title='bbox 1018 3946 1126 3986; x_wconf 85' lang='lat' dir='ltr'><strong>runt-</strong></span> <span class='ocrx_word' id='word_1_374' title='bbox 1139 3951 1162 3985; x_wconf 88' lang='lat' dir='ltr'><strong>u.</strong></span> <span class='ocrx_word' id='word_1_375' title='bbox 1170 3934 1196 3984; x_wconf 88' lang='lat' dir='ltr'><strong>P.</strong></span> <span class='ocrx_word' id='word_1_376' title='bbox 1207 3931 1262 3998; x_wconf 84' lang='lat' dir='ltr'><strong>cxij.</strong></span> <span class='ocrx_word' id='word_1_377' title='bbox 1272 3961 1307 3970; x_wconf 89' lang='lat'><em>-</em></span> <span class='ocrx_word' id='word_1_378' title='bbox 1315 3949 1338 3982; x_wconf 86' lang='lat' dir='ltr'><strong>v.</strong></span> <span class='ocrx_word' id='word_1_379' title='bbox 1348 3933 1378 3984; x_wconf 86' lang='lat' dir='ltr'><strong>V.</strong></span> <span class='ocrx_word' id='word_1_380' title='bbox 1387 3933 1417 3984; x_wconf 85' lang='lat' dir='ltr'><strong>In</strong></span> <span class='ocrx_word' id='word_1_381' title='bbox 1425 3933 1504 3984; x_wconf 88' lang='lat' dir='ltr'><strong>Nem-</strong></span> 
     </span>
     <span class='ocr_line' id='line_1_51' title="bbox 1018 4011 1505 4084; baseline 0 -18"><span class='ocrx_word' id='word_1_382' title='bbox 1018 4013 1073 4084; x_wconf 69' lang='lat' dir='ltr'><strong>phi,</strong></span> <span class='ocrx_word' id='word_1_383' title='bbox 1086 4017 1113 4067; x_wconf 84' lang='lat' dir='ltr'><strong>P.</strong></span> <span class='ocrx_word' id='word_1_384' title='bbox 1127 4013 1283 4065; x_wconf 89' lang='lat' dir='ltr'><strong>immensum.</strong></span> <span class='ocrx_word' id='word_1_385' title='bbox 1302 4039 1334 4050; x_wconf 94' lang='lat'>—</span> <span class='ocrx_word' id='word_1_386' title='bbox 1350 4031 1373 4064; x_wconf 89' lang='lat' dir='ltr'><strong>x.</strong></span> <span class='ocrx_word' id='word_1_387' title='bbox 1390 4011 1414 4064; x_wconf 88' lang='lat' dir='ltr'><strong>se</strong></span> <span class='ocrx_word' id='word_1_388' title='bbox 1430 4015 1456 4064; x_wconf 91' lang='lat' dir='ltr'><strong>d.</strong></span> <span class='ocrx_word' id='word_1_389' title='bbox 1478 4013 1505 4066; x_wconf 73' lang='lat' dir='ltr'><strong>i&#39;e</strong></span> 
     </span>
     <span class='ocr_line' id='line_1_52' title="bbox 1020 4091 1504 4163; baseline -0.01 -14"><span class='ocrx_word' id='word_1_390' title='bbox 1020 4098 1058 4163; x_wconf 56' lang='lat'><strong>1²,</strong></span> <span class='ocrx_word' id='word_1_391' title='bbox 1071 4097 1090 4148; x_wconf 86' lang='lat' dir='ltr'><strong>s.</strong></span> <span class='ocrx_word' id='word_1_392' title='bbox 1105 4091 1269 4146; x_wconf 83' lang='lat' dir='ltr'><strong>extersisse.-</strong></span> <span class='ocrx_word' id='word_1_393' title='bbox 1278 4109 1303 4162; x_wconf 85' lang='lat' dir='ltr'><strong>y.</strong></span> <span class='ocrx_word' id='word_1_394' title='bbox 1316 4093 1342 4144; x_wconf 87' lang='lat' dir='ltr'><strong>P.</strong></span> <span class='ocrx_word' id='word_1_395' title='bbox 1355 4091 1504 4161; x_wconf 62' lang='lat' dir='ltr'><strong>imaginem</strong></span> 
     </span>
     <span class='ocr_line' id='line_1_53' title="bbox 1021 4171 1505 4228; baseline -0.004 -1"><span class='ocrx_word' id='word_1_396' title='bbox 1021 4177 1074 4228; x_wconf 76' lang='lat' dir='ltr'><strong>dc...</strong></span> <span class='ocrx_word' id='word_1_397' title='bbox 1081 4171 1220 4227; x_wconf 88' lang='lat' dir='ltr'><strong>temanfisse</strong></span> <span class='ocrx_word' id='word_1_398' title='bbox 1229 4176 1256 4226; x_wconf 87' lang='lat' dir='ltr'><strong>d.</strong></span> <span class='ocrx_word' id='word_1_399' title='bbox 1264 4171 1314 4226; x_wconf 83' lang='lat' dir='ltr'><strong>iiis.</strong></span> <span class='ocrx_word' id='word_1_400' title='bbox 1324 4201 1357 4211; x_wconf 93' lang='lat'>-</span> <span class='ocrx_word' id='word_1_401' title='bbox 1364 4193 1386 4224; x_wconf 83' lang='lat' dir='ltr'><strong>a.</strong></span> <span class='ocrx_word' id='word_1_402' title='bbox 1393 4174 1418 4224; x_wconf 84' lang='lat' dir='ltr'><strong>P.</strong></span> <span class='ocrx_word' id='word_1_403' title='bbox 1425 4171 1505 4226; x_wconf 86' lang='lat' dir='ltr'><strong>inten-</strong></span> 
     </span>
     <span class='ocr_line' id='line_1_54' title="bbox 1021 4252 1504 4326; baseline -0.008 -18"><span class='ocrx_word' id='word_1_404' title='bbox 1021 4255 1093 4310; x_wconf 79' lang='lat' dir='ltr'><strong>deris.</strong></span> <span class='ocrx_word' id='word_1_405' title='bbox 1104 4285 1139 4294; x_wconf 86' lang='grc'>-</span> <span class='ocrx_word' id='word_1_406' title='bbox 1148 4271 1188 4307; x_wconf 83' lang='lat' dir='ltr'><strong>aa.</strong></span> <span class='ocrx_word' id='word_1_407' title='bbox 1197 4252 1504 4326; x_wconf 72' lang='lat' dir='ltr'><strong>V.Aih1epi;1.Adhiep·i</strong></span> 
     </span>
    </p>
   </div>
   <div class='ocr_carea' id='block_1_6' title="bbox 0 0 1765 5700">
    <p class='ocr_par' dir='ltr' id='par_1_9' title="bbox 0 0 1765 5700">
     <span class='ocr_line' id='line_1_55' title="bbox 0 0 1765 5700; baseline 0 0"><span class='ocrx_word' id='word_1_408' title='bbox 0 0 1765 5700; x_wconf 95' lang='lat' dir='ltr'><strong> </strong></span> 
     </span>
    </p>
   </div>
  </div>
 </body>
</html>
