3354 5706
531 536 596 611 160
941 547 1137 602 Ancuurus

543 881 626 953 XIX.
646 888 697 951 De
708 835 816 974 foruna
831 881 964 974 grandis
980 878 1098 974 bostlice
1118 881 1149 945 in
1166 897 1265 944 monte
1280 875 1357 943 Sion
1366 873 1547 962 fabricare,

834 987 864 1056 Ε»
883 989 921 1056 de
940 993 1029 1082 ipfius
1046 986 1157 1052 montis
1165 989 1237 1077 fini.

570 1157 605 1228 Et
624 1159 701 1253 quia
717 1156 818 1255 paulo
836 1155 980 1252 superius
997 1152 1121 1223 montis
1134 1152 1213 1222 Sion
1233 1149 1360 1221 mentio
1379 1141 1570 1230 intercessit,

522 1289 565 1360 pe
587 1262 731 1359 quadam
753 1259 890 1360 grandi⁶
912 1259 1042 1332 basilica
1065 1261 1099 1329 in
1116 1284 1158 1329 eo
1176 1258 1360 1328 construsla
1381 1253 1463 1323 loco
1481 1276 1571 1346 que-

522 1367 601 1442 dam
617 1367 756 1442 breviter
772 1370 1001 1464 succinlleque
1013 1363 1197 1438 intimanda
1215 1365 1298 1448 sunt,
1320 1362 1411 1431 cuius
1429 1357 1474 1429 src
1491 1355 1570 1426 des·

522 1474 657 1548 cribitur
676 1476 831 1548 formula:

574 2843 639 2912 Hic
656 2865 748 2938 petra
761 2840 965 2931 monstratur,
984 2841 1078 2935 super
1097 2863 1197 2933 quarn
1214 2841 1383 2931 Stephanus
1400 2838 1571 2929 lapidatus

523 2974 612 3020 extra
626 2950 791 3021 civitatem
809 2945 1021 3018 obdormivit.
1040 2945 1130 3016 Extra
1143 2944 1230 3016 hanc
1247 2945 1342 3041 supra
1359 2942 1571 3038 descriptam

522 3053 684 3152 grandem
698 3051 877 3143 ecclesiam,
892 3080 957 3149 que
971 3053 1161 3124 intrinsecus
1178 3051 1254 3123 talia
1266 3052 1377 3121 sansla
1390 3049 1570 3144 complec-

524 3161 599 3232 titur
616 3162 701 3252 loca,
726 3162 789 3232 alia
805 3157 1028 3231 memorabilis
1046 3159 1144 3230 exstat
1162 3157 1205 3229 ad
1224 3157 1464 3229 occidentalem
1481 3181 1570 3252 par-

524 3291 592 3338 tem
616 3270 683 3340 eius
706 3292 809 3364 petra,
834 3267 1059 3364 superquam,
1083 3289 1118 3335 ut
1135 3265 1245 3356 fertur,
1271 3265 1453 3361 Stephanus
1476 3262 1570 3359 lapi-

525 3371 618 3445 datus
633 3373 707 3445 estu
724 3375 797 3444 Hec
812 3374 921 3468 itaque
936 3371 1115 3469 apostolica
1127 3369 1270 3462 ecclesa,
1281 3372 1419 3467 utsupra
1431 3367 1570 3440 dierum

523 3479 578 3570 est,
596 3482 630 3551 in
649 3481 771 3552 montis
788 3481 867 3550 Sion
886 3479 1061 3576 superiore,
1084 3477 1255 3574 campestri
1272 3478 1408 3574 planitie
1427 3475 1571 3573 lapidea

525 3585 569 3654 est
586 3583 742 3656 fabricata
761 3585 925 3656 stru6lura.

565 3857 636 3929 XX.
654 3865 705 3928 De
721 3860 777 3928 illo
795 3859 945 3954 agellulo,
964 3865 1016 3951 qui
1032 3861 1168 3928 hebraice
1187 3858 1374 3927 oskeldemac
1386 3883 1525 3930 vocatur.

573 4023 674 4094 Hunc
695 4050 833 4121 parvum
863 4023 1043 4123 agellulum
1068 4023 1112 4096 ad
1137 4025 1307 4098 australem
1334 4032 1457 4102 montis
1478 4033 1567 4108 Sion

523 4131 660 4230 plagam
677 4128 771 4202 situm
787 4130 897 4204 noster
909 4132 1060 4202 Arculfirs
1077 4133 1153 4230 sepe
1173 4133 1382 4231 frequentans
1399 4134 1568 4232 visitabat,

559 4319 581 4356 a
594 4303 633 4356 As.
646 4303 788 4376 pergrandi.
804 4333 836 4344 -
850 4305 874 4357 b.
889 4305 928 4372 ὰς
940 4303 973 4357 al.
988 4304 1113 4358 Dominus
1126 4305 1267 4376 flagellatus
1285 4307 1326 4360 esi
