3396 5708
495 561 562 642 142
945 540 1052 637 (4¹7)

490 775 629 838 adeum:
651 799 664 832 ι
684 772 771 838 Deus
787 790 816 837 te
831 774 1000 854 benedicat,
1023 773 1078 855 fisi,
1092 775 1164 858 quia
1176 769 1229 836 etst
1249 773 1364 836 tardius
1382 773 1510 837 dimisisti

491 885 588 928 «nos
607 887 619 921 s
643 861 685 925 Et
697 863 795 925 statim
811 863 965 945 proferens
987 861 1098 926 solidos
1117 883 1196 945 quos
1209 884 1226 925 a
1240 882 1290 923 me
1309 881 1365 944 pro
1383 860 1511 944 spormle

489 953 584 1037 gratia
602 950 779 1034 susceperat,
801 951 974 1034 porrigebat
996 953 1101 1016 michi.
1124 951 1217 1040 Quos
1240 953 1347 1014 videns
1372 953 1512 1016 nolebam

489 1039 646 1123 suscipere,
666 1039 831 1102 arbitrabar
845 1039 929 1101 enim
943 1040 1015 1121 quia
1030 1059 1136 1121 parum
1147 1037 1301 1102 dedissem.
1317 1037 1459 1121 Dixique
1472 1043 1512 1104 ei:

492 1156 505 1187 ‹
520 1129 551 1193 Si
565 1149 672 1211 parum
690 1127 732 1188 est
745 1127 884 1190 addimus
896 1127 1045 1190 tothidem
1061 1127 1135 1211 (stc),
1153 1149 1225 1190 narn
1239 1127 1310 1191 istos
1324 1149 1389 1189 non
1404 1131 1515 1212 accipi-

492 1244 505 1276 «
520 1237 596 1279 mus.
608 1242 621 1274 ι
631 1215 698 1302 Qui
708 1216 797 1278 dixit:
808 1241 820 1273 ι
833 1214 945 1297 Neque
956 1215 1012 1279 hos
1021 1231 1122 1294 teneo,
1132 1238 1233 1300 neque
1245 1216 1321 1278 alios
1329 1217 1514 1298 accipiam.»

490 1304 665 1388 Suspicabar
681 1311 781 1365 autem
793 1323 851 1385 ego
865 1325 904 1365 ne
919 1319 1073 1366 vereretur
1083 1305 1213 1367 accusari
1229 1304 1256 1367 se
1267 1305 1298 1366 in
1312 1303 1438 1386 palatio.
1458 1305 1516 1369 Cui

491 1394 568 1456 dixi:
579 1419 591 1450 e
603 1392 655 1455 Ne
664 1393 810 1470 timueris,
817 1390 860 1453 fili
870 1391 876 1452 l
888 1412 952 1453 non
963 1392 1046 1453 enim
1054 1390 1154 1456 sumus
1162 1415 1199 1456 ex
1207 1393 1253 1456 his
1261 1414 1322 1477 que
1331 1391 1397 1478 (fic)
1408 1393 1518 1456 cuneta

493 1509 506 1540 ι
524 1497 698 1564 peragrant;
708 1500 764 1542 nos
776 1495 877 1542 autem
888 1479 1058 1542 necessitate
1069 1480 1205 1563 conpulsi
1220 1483 1276 1544 iter
1285 1482 1431 1556 facimus3
1445 1502 1518 1544 con-

493 1597 506 1629 «
523 1568 582 1632 side
597 1585 698 1631 autem
713 1568 785 1650 quia
797 1566 872 1630 nicil
886 1566 958 1629 mali
972 1567 1009 1628 de
1024 1585 1054 1631 te
1068 1589 1126 1632 nos
1137 1569 1283 1648 dicemus,
1297 1590 1357 1630 nec
1368 1570 1454 1630 enim
1468 1591 1517 1632 ex-
1529 1585 1542 1634 t.
1552 1592 1607 1648 ²53¹·
1617 1605 1629 1628 ·.
1650 1564 1661 1636 :l

493 1684 506 1716 ‹
525 1657 609 1741 pedit
625 1656 723 1718 servos
737 1653 801 1717 Dei
816 1654 887 1718 talia
900 1675 996 1738 agere.
1019 1681 1031 1712 ι
1051 1657 1101 1718 Ad
1118 1655 1305 1739 postremum
1324 1657 1410 1739 cepit
1431 1659 1518 1722 nobis

492 1746 521 1809 δι
540 1743 639 1808 sande
653 1739 791 1807 confiteri
802 1742 832 1804 δι
844 1743 960 1806 dicere:
978 1769 990 1802 e
1005 1745 1131 1808 Credite
1148 1745 1233 1824 mihi,
1246 1744 1405 1807 beatiffimi
1418 1743 1517 1827 &ipsa

494 1863 506 1892 ‹
525 1832 707 1911 sandliffima,
722 1831 794 1912 quia
813 1853 866 1913 per
887 1847 984 1893 totam
1002 1831 1127 1894 nostem
1146 1832 1251 1915 &ego
1273 1831 1440 1895 &coniux
1454 1855 1517 1896 mea

494 1950 507 1980 ‹
524 1919 657 2003 castigati
672 1919 772 1982 sumus
789 1939 807 1981 a
824 1918 925 1981 fausto
941 1934 1073 2002 martyre
1087 1919 1231 1984 Leontio.
1250 1918 1293 1982 Et
1307 1919 1414 2005 egressi
1430 1922 1517 1984 ambo

494 2038 506 2070 ‹
524 2008 610 2074 simul
621 2009 812 2072 cucurrimus
823 2008 860 2070 ad
873 2011 1063 2092 martyrium,
1073 2009 1094 2072 sr
1105 2010 1218 2073 ibidem
1229 2032 1284 2073 vos
1294 2010 1518 2092 conpreedere·

494 2126 506 2158 ι
525 2120 602 2162 mus.
616 2096 658 2160 Et
668 2118 763 2180 quum
778 2097 838 2158 iam
850 2097 977 2180 profesti
989 2095 1123 2177 fuissetis,
1136 2119 1195 2181 ego
1205 2100 1257 2161 vix
1268 2099 1355 2181 potui
1368 2097 1519 2161 verederis

495 2213 507 2246 e
526 2185 591 2272 (stc)
605 2205 660 2246 vos
671 2184 907 2266 adprehendere.
924 2185 1008 2248 Nam
1022 2187 1137 2248 coniux
1149 2206 1218 2248 mea
1231 2207 1286 2268 pro
1302 2206 1353 2247 me
1364 2185 1519 2268 supplicat,

495 2301 507 2421 1
524 2269 833 2441 silisis-slsis
841 2271 1520 2442 ῗζὲἶῗὲῃῗῗξίἲῗῗὶἱῖῗέἳὲἕῖἓῗέῗέ

495 2471 563 2516 mus
574 2447 645 2511 Deo
656 2447 766 2528 gratias
777 2445 808 2509 δι
819 2446 858 2510 src
869 2447 1050 2530 suscepimus
1066 2465 1123 2513 tres
1138 2448 1204 2512 illos
1219 2447 1377 2512 solidos&
1388 2447 1521 2511 reversus

494 2539 536 2610 est
547 2536 598 2601 ille
609 2533 729 2598 curialis
739 2554 812 2597 cum
821 2536 947 2617 gaudio,
957 2553 1081 2619 accepta
1092 2535 1308 2599 benedittione
1318 2557 1337 2598 a
1347 2535 1521 2598 beatiffima.

495 2633 537 2698 Et
546 2645 618 2690 cum
626 2641 732 2685 omnes
744 2622 781 2684 de
792 2623 852 2685 hoc
864 2624 1055 2702 miraremur,
1066 2624 1141 2687 dicit
1152 2623 1330 2686 beatissima:
1341 2649 1354 2682 r
1365 2623 1521 2688 Considite

497 2745 509 2777 ι
528 2713 673 2800 quoniam
688 2731 725 2771 ex
740 2707 813 2771 Deo
827 2709 871 2771 est
883 2710 941 2772 iter
955 2710 1100 2773 nostrum.
1119 2735 1132 2768 s
1148 2708 1190 2772 Et
1200 2731 1258 2773 nos
1273 2711 1310 2772 ab
1323 2710 1459 2772 invicem
1473 2732 1521 2772 ro·

494 2806 639 2890 gabamus
654 2797 786 2860 sanctam
797 2813 831 2859 ut
842 2797 991 2861 indicaret
1001 2798 1168 2861 misterium
1178 2797 1276 2862 cause.
1291 2799 1523 2881 suspicabamur

495 2895 577 2958 enim
594 2886 676 2973 quod
692 2885 806 2968 aliquid
821 2886 849 2947 ei
865 2885 1014 2950 ostensum
1025 2884 1123 2949 fuisset
1137 2907 1266 2968 quoram
1278 2888 1436 2950 ominibus
1451 2887 1524 2972 (fir),

496 2983 597 3045 dicere
611 2976 687 3039 mibi
701 2973 842 3036 secretius
860 2973 1058 3057 dignabatur:
1076 2999 1088 3031 ‹
1108 2973 1195 3060 Quia
1208 2997 1263 3058 per
1277 2991 1375 3038 totam
1390 2975 1525 3054 nossem,

498 3098 510 3129 ‹
529 3067 646 3151 inquid,
670 3062 852 3145 pervigilans
876 3064 976 3145 rogavi
999 3063 1160 3126 dominum
1175 3063 1205 3126 dr
1218 3063 1353 3126 sanaim
1367 3065 1524 3126 martirem

499 3187 511 3217 ‹
529 3174 564 3220 ut
572 3153 661 3218 nobis
672 3150 796 3234 aliquod
810 3149 926 3234 signum
938 3149 1171 3230 hostenderetsi
1186 3151 1351 3214 secundum
1365 3149 1525 3216 Deumest

499 3275 511 3304 a
530 3249 586 3309 iter
600 3241 747 3318 nostrum,
764 3239 914 3302 retinebat
929 3239 996 3302 iter.
1013 3265 1027 3296 s
1042 3239 1138 3303 Tunc
1152 3261 1224 3302 curn
1238 3242 1349 3322 gaudio
1361 3242 1419 3302 iter
1432 3261 1526 3324 agen·

497 3355 542 3399 tes
553 3335 672 3396 ibamus
688 3328 717 3391 dl
732 3349 803 3390 cum
821 3328 934 3411 gaudio
956 3330 993 3391 ab
1018 3329 1160 3392 omnibus
1174 3327 1419 3412 suscipiebamur,
1434 3327 1524 3391 multi

497 3425 579 3488 enim
593 3420 622 3483 ἃ
636 3414 765 3483 visiones
779 3415 806 3479 se
820 3414 925 3479 vidisse
940 3416 1082 3480 dicebant
1096 3416 1133 3480 de
1149 3419 1281 3480 adventu
1295 3419 1360 3482 eius
1363 3465 1411 3480 .....
1426 3445 1438 3474 s

568 3574 733 3644 [Anonymus
742 3589 852 3640 eoaevus,
866 3571 923 3624 Vita
928 3569 954 3639 fi
963 3569 1088 3635 Melania,
1089 3568 1224 3637 satanicis
1238 3571 1315 3624 Rom
1325 3569 1399 3640 (Par.
1413 3571 1443 3624 R
1455 3571 1526 3634 Nat,

497 3671 522 3705 n.
541 3671 598 3721 acq.
619 3652 661 3704 lat.
681 3657 758 3717 2178,
780 3669 822 3716 rm,
843 3651 868 3702 in
885 3649 1006 3718 Hispania
1018 3649 1105 3702 litteris
1118 3647 1270 3717 visigothicis
1282 3661 1427 3716 exaratum,
1448 3649 1526 3714 tn,

497 3729 524 3782 ff.
546 3733 693 3798 248·253);
718 3761 749 3770 —
763 3731 835 3796 filiis
855 3729 977 3798 alipusbus
991 3727 1097 3795 avulsis,
1116 3746 1168 3794 qua
1181 3731 1218 3780 ad
1230 3727 1349 3796 reliquum
1361 3728 1409 3780 iser
1426 3735 1458 3781 dr
1468 3730 1526 3781 ‘sri-

495 3809 545 3878 poli
563 3810 779 3880 Constantinopolim
802 3811 830 3862 ὅ
847 3813 878 3861 cse
900 3807 1094 3876 constantinopoli
1115 3807 1301 3876 Hierofnsymam
1314 3807 1465 3876 [pedasus
1483 3811 1526 3860 de·

491 3889 569 3958 [ωας
589 3902 678 3943 cetera
691 3901 780 3958 auum,
789 3889 825 3956 ff.
841 3906 1014 3956 254a·257a,
1022 3886 1119 3953 sande
1131 3886 1247 3940 Melam>
1259 3898 1357 3940 mour
1368 3886 1452 3956 fufius
1465 3907 1526 3940 aar·

499 3968 579 4039 rans]

541 4140 554 4173 ‹
572 4113 672 4177 Sandli
683 4111 736 4198 silij
752 4133 943 4190 communes,
959 4083 1082 4190 Albine,
1099 4109 1242 4174 Pinianus
1258 4109 1287 4172 dr
1302 4108 1443 4174 Melania
1458 4109 1524 4193 plu-

499 4205 610 4266 rimum
631 4223 686 4265 vos
705 4202 841 4265 salutant.
862 4199 927 4263 Has
949 4200 1063 4262 litteras
1087 4198 1125 4261 de
1150 4199 1252 4261 sansso
1263 4199 1402 4262 Bethlem
1424 4197 1523 4262 aneto

501 4289 675 4374 presbytero
689 4286 873 4353 innocentio
889 4288 958 4351 dedi
975 4287 1174 4370 perferendas.
1193 4311 1206 4344 s
