3296 5700
527 526 596 604 23⁰
845 522 952 576 nnnA
976 523 1226 578 vnnnnnnms

521 771 657 842 campus
673 743 718 815 est
734 741 888 815 herbosus
901 745 936 814 &
948 743 1076 840 planus,
1091 768 1263 839 nunquam
1279 770 1319 816 ex
1330 744 1386 815 illo
1403 769 1547 844 tempore

521 877 638 940 aratus,
657 849 745 921 nulia
762 849 934 945 suscipiens
952 848 1090 942 edificia,
1109 851 1239 923 fontem
1264 875 1403 939 tantum,
1420 879 1460 924 ex
1483 879 1548 949 quo

522 961 566 1032 illi
588 957 749 1048 biberunt,
775 953 960 1027 ostendens.
988 958 1057 1055 Qi
1086 983 1167 1054 ergo
1195 956 1238 1030 ab
1258 957 1321 1028 Elia
1347 963 1548 1054 capharnaum

522 1089 675 1164 pergunt,
696 1089 755 1161 per
772 1061 982 1135 Tiberiadem
999 1066 1058 1136 iter
1075 1063 1207 1155 habent,
1225 1061 1346 1137 deinde
1363 1065 1450 1136 secus
1466 1093 1550 1138 mare

524 1173 651 1245 Galilee
667 1174 701 1243 ἃ
716 1170 828 1242 locum
840 1167 1078 1243 benedierionis
1091 1197 1235 1269 panum:
1253 1198 1272 1243 a
1289 1197 1357 1267 quo
1375 1197 1445 1242 non
1454 1172 1552 1272 longe

521 1279 757 1376 Capharnaum
788 1281 822 1351 in
847 1275 965 1349 finibus
990 1275 1146 1349 Zabulon
1177 1281 1211 1349 &
1240 1277 1467 1374 Nephthalim,
1492 1306 1552 1376 que

523 1413 653 1458 murum
674 1413 745 1458 non
766 1382 901 1476 habens,
919 1385 1073 1494 angusi0⁰
1088 1387 1171 1456 inter
1187 1409 1338 1456 montem
1358 1386 1555 1484 &stagnum

521 1492 579 1565 situ
598 1495 691 1592 super
712 1494 911 1564 maritimam
932 1518 1037 1586 oram,
1058 1493 1220 1564 orientem
1241 1492 1349 1565 versus
1370 1493 1481 1592 longo
1498 1519 1556 1566 tra·

523 1602 600 1670 mite
618 1597 834 1697 protenditur,
851 1621 1002 1670 montem
1022 1595 1064 1669 ab
1080 1598 1246 1694 aquilone,
1261 1597 1371 1669 lacum
1390 1598 1434 1672 ab
1452 1603 1555 1674 austro

523 1706 654 1778 habens.
672 1711 847 1800 Qantara
865 1731 976 1775 muros
994 1731 1062 1776 non
1080 1704 1189 1793 habet,
1214 1702 1269 1776 sed
1286 1731 1412 1804 magna
1429 1707 1556 1780 edificia

522 1813 666 1908 duasque
695 1809 835 1909 grandes
870 1809 1025 1884 ecclesias.
1056 1813 1132 1887 Una
1159 1812 1259 1884 estin
1288 1811 1402 1884 medio
1420 1815 1556 1886 civitatis

523 1922 617 2017 supra
631 1918 714 1989 duos
733 1915 868 1988 fundata
882 1944 1029 2008 cancros,
1048 1916 1103 1989 ubi
1116 1916 1289 2016 quondam
1303 1919 1408 1992 fuerat
1425 1919 1555 2011 domus,

522 2028 556 2098 in
574 2052 640 2122 qua
656 2027 820 2096 Dominus
841 2027 977 2096 nutritus
997 2027 1041 2096 est
1057 2026 1175 2097 infans.
1194 2027 1267 2096 Hec
1283 2051 1395 2097 autem
1413 2025 1553 2114 ecclefia,

522 2130 663 2223 duobus,
690 2155 725 2202 ut
754 2131 880 2202 dimum
904 2132 959 2220 est,
987 2132 1116 2202 tumulis
1142 2131 1393 2230 &interpositis
1419 2132 1553 2205 arcubus

524 2237 659 2331 lirffulta,
677 2237 775 2310 habet
792 2239 924 2309 inferius
940 2239 1023 2309 inter
1040 2237 1174 2309 eosdem
1190 2240 1332 2310 tumulos
1341 2245 1468 2332 fontem
1482 2241 1553 2310 luci·

521 2344 694 2438 diffimum,
722 2343 809 2416 unde
834 2346 920 2416 cives
934 2337 1064 2417 omnes⁶
1085 2371 1187 2441 aquas
1205 2347 1239 2417 in
1256 2346 1391 2417 vasculis
1409 2373 1470 2444 per
1493 2371 1551 2418 m>

521 2453 644 2524 chleas‘
668 2451 847 2524 extrahunt.
875 2450 986 2522 Altera
1012 2477 1090 2524 vero
1116 2452 1161 2523 est
1182 2449 1324 2544 ecclesia,
1354 2451 1412 2525 ubi
1436 2452 1549 2525 domus

521 2585 600 2649 erat,
618 2561 652 2631 in
672 2585 773 2655 quam
789 2558 924 2656 angelus
942 2555 985 2629 ad
1002 2559 1139 2630 Mariam
1156 2559 1255 2631 venit.

586 2825 682 2896 XVII.
710 2831 873 2896 Damania
890 2821 1035 2894 Tabor&
1052 2827 1145 2894 tribus
1157 2826 1288 2920 ecclefir's
1297 2825 1396 2919 super
1413 2852 1492 2894 eum.

568 2969 675 3038 Mons
692 2968 802 3054 nabor,
819 2967 854 3035 in
872 2963 983 3036 medio
1002 2964 1130 3036 Gaiilee
1152 2990 1286 3062 camp0‚
1303 2967 1338 3037 in
1356 2961 1458 3036 tribus
1482 2965 1545 3036 mil·

518 3071 601 3145 libus
618 3070 844 3145 eminensdad
864 3070 1001 3145 boream
1017 3099 1037 3142 a
1058 3073 1141 3143 mari
1157 3071 1364 3144 Genezareth
1386 3071 1492 3162 distat,
1513 3097 1547 3142 ex

520 3182 614 3252 omni
637 3206 729 3278 parte
754 3176 925 3268 rotundus,
944 3176 1098 3251 herbosus
1115 3177 1210 3251 valde
1227 3181 1262 3249 &
1279 3175 1426 3270 floridus,
1445 3177 1544 3250 altitu·

520 3284 597 3359 dine
609 3287 742 3384 triginta
755 3285 940 3358 stadiorum
949 3285 1155 3382 Vertexipse‚
1165 3285 1350 3383 campestris
1365 3289 1401 3356 &
1413 3285 1546 3356 multum
1635 3309 1636 3344 r

519 3419 674 3484 amenus,
703 3395 819 3493 viginti
849 3395 884 3464 &
916 3394 1024 3464 trium‘
1049 3391 1227 3462 stadiorum
1254 3391 1358 3488 spatio
1389 3389 1548 3482 dilatatur,
1635 3353 1636 3423 i

520 3498 576 3572 ubi
585 3499 709 3598 grande
722 3500 955 3573 monasterium
968 3495 1086 3596 grandi
1098 3523 1233 3594 quoque
1247 3496 1321 3570 {ilva
1334 3497 1547 3570 circumdatus

518 3609 573 3696 est,
591 3631 652 3679 tres
669 3606 815 3680 ecclesias
828 3605 963 3697 habens,
981 3607 1068 3678 iuxta
1083 3604 1174 3702 quod
1190 3606 1296 3676 Petrus
1314 3609 1372 3678 ait:
1390 3607 1548 3678 Faciamus

516 3713 571 3784 hic
590 3717 649 3786 tria
665 3712 881 3787 tabernacula.
895 3715 999 3786 Locus
1018 3738 1113 3784 muro
1132 3714 1269 3804 emistus,
1286 3737 1413 3810 magna
1427 3713 1547 3812 θεὼ-οε

521 3819 659 3894 edificia.
1634 3853 1635 3878 ³

1634 3881 1635 3906 i

556 3981 579 4014 a.
601 3963 643 4015 Pb.
658 3963 751 4032 angulo
766 3963 828 4016 inter
848 3974 959 4015 montem
980 3962 1006 4013 δι
1067 3975 1179 4024 manens,
1206 3961 1274 4014 Med.
1297 3977 1392 4030 campo
1424 3961 1450 4014 in
1475 3961 1546 4015 mnas

523 4043 637 4112 stagnum
647 4042 692 4096 fito
704 4043 728 4096 in
742 4043 871 4096 orientem.
881 4073 916 4082 -
926 4045 950 4096 b.
962 4043 1004 4094 Pb.
1068 4039 1185 4092 Manaffe
1202 4040 1236 4091 ad
1253 4043 1319 4108 bon,
1337 4043 1380 4093 Pa
1394 4041 1419 4093 n
1433 4041 1459 4093 in
1474 4041 1546 4094 tribui

522 4140 610 4175 omnes
623 4124 691 4193 deest.
707 4155 742 4164 -
754 4141 776 4176 c.
790 4125 853 4190 Onn,
870 4134 898 4175 ut
919 4123 960 4174 Pb.
980 4122 1004 4174 in
1066 4118 1173 4172 millibus
1183 4118 1301 4173 Manaffe
1315 4121 1348 4172 ad
1362 4122 1418 4174 bor.
1429 4151 1465 4161 -
1475 4140 1497 4176 e.
1507 4123 1544 4174 ἢ.

523 4202 660 4255 ecclesiam.
684 4233 720 4243 -
753 4204 778 4256 d.
809 4203 849 4254 Sic
871 4219 930 4270 egam
965 4201 1004 4254 Μ.
1065 4199 1131 4252 niv.

525 4281 652 4350 Manafl'e,
674 4286 704 4338 0.
719 4301 824 4338 manans
839 4283 872 4352 se,
881 4281 915 4335 al.
930 4282 1005 4336 enan
