3432 5710
520 541 590 642 248
986 541 1090 641 (586)

518 779 619 842 noster
639 777 743 841 retulit
762 779 844 880 quod
867 799 940 840 cum
960 778 1097 862 quinque
1120 778 1192 841 viris
1217 778 1341 860 aspexit,
1363 777 1412 839 sed
1436 777 1544 842 duobus

519 883 638 931 tantum
653 883 802 950 apparutt.
821 893 832 922 ι

573 983 710 1132 )[Gregor.
724 981 889 1048 Turonensis,
901 985 940 1035 De
948 982 1034 1051 gloria
1049 993 1195 1051 marnrnm,
1209 981 1225 1034 l.
1240 984 1261 1048 1,
1270 1000 1294 1034 c.
1313 1001 1323 1034 r
1339 983 1393 1046 (ed.
1413 983 1547 1048 Bordienl,

519 1068 570 1133 rs
589 1065 608 1128 r

294 1227 360 1276 ant.
370 1228 423 1275 an.
437 1201 504 1300 586
521 1212 721 1297 IOHANNES,
740 1210 886 1301 leprosus,
901 1236 917 1276 e
934 1209 1043 1277 Gallie
1061 1211 1215 1294 oriundus,
1231 1207 1261 1276 ee
1276 1209 1359 1278 Aen
1373 1209 1479 1303 leprofi
1486 1209 1549 1300 piu·

519 1321 600 1386 rimi.
621 1328 696 1396 (405)

562 1470 573 1500 e
593 1443 676 1504 Nam
692 1443 753 1504 vidi
773 1443 918 1505 antehoc
934 1459 1053 1524 tempus
1069 1442 1239 1522 hominem,
1254 1440 1404 1504 Ioannem
1421 1443 1548 1522 nomine,

520 1531 573 1613 qui
588 1553 605 1592 a
622 1529 728 1594 Galliis
743 1530 878 1614 leprosus
897 1531 1020 1610 abierat,
1035 1530 1064 1593 de
1088 1532 1117 1594 in
1134 1533 1198 1614 ipso
1217 1533 1287 1593 ioco
1303 1554 1366 1616 quo
1384 1529 1550 1592 Dominum

520 1619 653 1682 diximus
669 1620 858 1702 baptizatum
877 1622 977 1683 aiebat
992 1620 1019 1682 se
1041 1641 1095 1703 per
1115 1642 1230 1683 annum
1245 1624 1401 1705 integrum
1416 1640 1551 1682 commo-

520 1723 618 1770 ratum
640 1706 735 1771 fuiiie.
755 1708 823 1795 Qui
846 1711 955 1772 assidue
969 1709 1111 1773 abluebat
1132 1710 1160 1771 se
1176 1711 1206 1772 in
1226 1731 1329 1786 amne3
1351 1709 1401 1771 sed
1423 1709 1549 1771 redditus
1660 1783 1661 1788 η

521 1796 652 1879 pristinae
674 1799 888 1877 incolumitati,
909 1799 1072 1862 reformata
1094 1801 1124 1861 in
1146 1799 1256 1862 melius
1270 1815 1353 1878 cute,
1374 1799 1492 1860 sanatus
1505 1795 1550 1857 est.

521 1885 582 1948 Hic
600 1886 743 1970 reliquias
765 1887 860 1950 beatae
877 1887 986 1950 Mariae
1002 1888 1039 1950 ab
1054 1888 1256 1978 Hierosolymis
1275 1889 1443 1969 accipiens,
1458 1905 1549 1947 rever·
1660 1883 1661 1886 ’

521 1975 640 2038 tebatur
670 1979 699 2038 in
729 1978 866 2059 patriam,
889 1976 937 2038 sed
973 1973 1056 2059 prius
1083 1977 1206 2040 Romam
1237 1977 1320 2038 adire
1356 1975 1499 2058 disposuit
1500 2020 1550 2035 ......
1660 1971 1661 1982 ’

521 2063 644 2127 Multos
659 2066 751 2126 etiam
766 2065 898 2127 vidimus
913 2065 965 2147 qui
980 2064 1027 2126 vel
1043 2066 1072 2126 in
1085 2065 1208 2127 Iordane
1223 2065 1270 2126 vel
1285 2065 1317 2127 in
1332 2067 1422 2150 aquis
1438 2061 1550 2126 Levidae
1660 2081 1661 2138 t

520 2152 603 2216 urbis
618 2153 704 2215 tindti
720 2154 757 2216 ab
771 2155 833 2215 hoc
847 2153 967 2215 fuerant
981 2153 1090 2216 morbo
1105 2153 1213 2236 [lepra]
1229 2155 1379 2216 mundati.
1392 2179 1405 2210 e

592 2268 713 2416 [)Gregor.
731 2265 896 2332 Turonenfis,
910 2270 948 2318 De
955 2266 1041 2335 gioria
1052 2266 1219 2334 mentemst.
1227 2268 1248 2331 1,
1256 2283 1277 2318 c.
1294 2265 1392 2334 19(ed.
1407 2263 1550 2328 Bordier‚l,
1660 2289 1661 2292 ¹

521 2349 626 2418 nse-1
1660 2351 1661 2360 ³

520 2540 571 2580 aut.
586 2544 627 2578 an.
643 2531 700 2592 586.
716 2527 811 2578 Fines
826 2540 853 2577 ru
867 2540 988 2598 quounu
1001 2539 1183 2578 uouesreruo
1201 2528 1487 2578 Hreeosonuurreuo.

630 2632 840 2684 «Monasteriurn
855 2631 972 2685 estvalde
991 2649 1112 2701 magnum
1129 2632 1155 2683 in
1175 2631 1339 2698 Hierusalem,
1357 2648 1410 2682 non
1429 2629 1550 2681 modicam
1660 2631 1661 2692 ζ

590 2713 686 2766 habens
710 2713 945 2783 congregationem,
967 2714 992 2763 in
1013 2729 1065 2780 quo
1086 2730 1136 2763 non
1160 2711 1237 2763 solunt
1258 2711 1362 2764 devotio
1383 2709 1471 2779 populi
1494 2709 1551 2776 sape
1660 2727 1661 2732 ¹

591 2793 701 2863 plurima
722 2792 829 2852 confert,
850 2808 936 2843 verum
956 2791 1033 2842 etiarn
1053 2790 1214 2860 imperatorie
1234 2790 1294 2844 iustu
1318 2791 1353 2842 ibi
1375 2807 1428 2842 non
1454 2787 1551 2839 minima

591 2873 740 2942 largiuntur.
756 2871 862 2924 Accidit
874 2884 958 2923 autern
971 2873 1085 2940 quodam
1100 2884 1212 2939 ternpore
1226 2882 1252 2922 ut
1263 2889 1315 2940 prae
1324 2871 1431 2939 penuria
1444 2867 1550 2938 egestatis

591 2953 665 3006 valde
678 2953 714 3005 eis
727 2953 806 3004 vidtur
820 2949 955 3004 necessaria
967 2950 1147 3004 defendent...
1162 2974 1171 2998 ι

662 3142 687 3194 d·
698 3061 977 3206 [GlregoriuflTuron.,
989 3065 1027 3114 De
1036 3061 1122 3130 gloria
1134 3074 1278 3132 merneram,
1290 3063 1412 3127 t.1,c.11
1430 3063 1481 3128 (ed.
1494 3063 1551 3114 Bor·

681 3160 724 3206 rer,
745 3159 785 3210 ,p.
804 3159 853 3206 34.

388 3337 416 3381 c.
439 3308 508 3407 586
523 3296 770 3419 Gregorius
792 3290 1075 3383 Turonenfis.
1101 3318 1145 3387 (u)

868 3509 880 3540 e
907 3482 955 3544 De
959 3481 1057 3566 fluvio
1070 3478 1209 3544 Iordane.

565 3641 575 3670 e
591 3614 630 3676 Et
643 3614 709 3696 quia
725 3612 840 3676 Ioannis
852 3612 992 3695 Baptista
1012 3611 1192 3688 meminimus,
1207 3609 1321 3692 dignum
1339 3612 1378 3694 ιβ
1393 3627 1425 3672 ur
1445 3611 1477 3672 de
1490 3607 1550 3670 Ior-

522 3704 599 3765 dane
615 3703 714 3784 eliqua
729 3724 914 3764 memoremus.
935 3700 1030 3783 igitur
1045 3724 1063 3762 a
1078 3715 1164 3760 mente
1183 3695 1299 3762 Phanio
1315 3699 1368 3760 due
1388 3701 1551 3788 consurgent
1660 3733 1661 3738 κ

513 3795 619 3878 sentes,
634 3815 750 3874 querum
770 3813 841 3853 unus
855 3787 917 3868 Ior,
943 3790 1017 3852 alter
1038 3787 1108 3850 Dan
1132 3789 1293 3850 vocitetur:
1306 3787 1355 3869 qui
1375 3791 1411 3850 ab
1436 3804 1550 3869 utraque

518 3897 604 3965 perte
623 3879 785 3944 Phaniadae
806 3881 894 3958 urbis,
911 3901 973 3961 quee
984 3881 1067 3961 prius
1088 3877 1225 3942 Caesarea
1241 3876 1372 3960 Philippi
1387 3879 1550 3948 vecabatur,

523 3970 718 4059 descendentes,
733 3970 793 4058 sub
816 3968 879 4056 ipsa
894 3969 963 4028 urbe
988 3981 1046 4027 tem
1057 3968 1170 4048 fluentis
1184 3966 1329 4043 coniuncti,
1350 3989 1435 4048 quem
1450 3967 1550 4028 nomine

524 4081 586 4137 uno,
600 4055 763 4119 iordanem
777 4057 909 4142 efficiunt,
930 4056 979 4136 qui
1000 4055 1087 4143 ,usque
1106 4055 1252 4116 Hiericho
1268 4055 1412 4116 civitatem
1427 4057 1462 4117 ἐς
1476 4055 1549 4116 ultre

523 4147 626 4233 defluit.
644 4146 678 4207 In
693 4169 721 4207 eo
735 4146 855 4208 habeor
868 4145 941 4207 locus
955 4145 983 4205 in
999 4167 1049 4226 quo
1064 4144 1203 4206 Dominus
1215 4145 1378 4225 baptizatus
1391 4145 1439 4225 ιβ
1457 4145 1490 4206 ln
1502 4164 1550 4202 ene
1660 4137 1661 4156 ²

523 4235 619 4299 etenim
641 4236 749 4320 reflexu
775 4257 851 4316 aqua
871 4235 933 4324 ispe
954 4233 1127 4311 revolvitur,
1148 4233 1176 4294 in
1196 4257 1251 4314 que
1269 4255 1342 4294 nunc
1359 4231 1460 4317 leprefi
1472 4255 1548 4293 enun-

524 4327 639 4389 dentur.
661 4323 731 4386 Cum
760 4338 852 4385 aurem
881 4323 1059 4400 advenerint,
1080 4320 1186 4406 saepius
1210 4321 1353 4383 laventur
1380 4322 1409 4382 in
1423 4321 1548 4406 flumine,
