3396 5708
628 545 734 645 (401)
1162 570 1224 646 ¹¹5

289 784 350 847 Hic
363 785 507 875 nemorosa
521 785 618 848 virent
632 783 775 868 Daphnae
790 786 861 866 loca,
875 786 950 878 celsa
963 790 1107 874 cupresus

289 882 433 965 Erigitur,
447 905 541 946 ramos
553 884 663 945 innettit
674 883 778 946 laurus
792 885 888 963 adara,

290 980 376 1042 Crine
391 979 527 1043 Dionaeo
541 994 648 1064 myrtus
661 980 845 1065 diffunditur,
860 981 927 1044 alta

290 1077 472 1163 Consurgunt
482 1079 576 1163 pinus,
591 1080 625 1140 id
640 1078 837 1165 coelumstbila
847 1079 968 1170 pulsant

290 1175 418 1255 Robora,
431 1176 587 1238 mollicomis
600 1175 680 1238 tellus
694 1177 861 1260 insternitur
874 1177 976 1242 herbis.

296 1271 372 1337 Urbs
385 1273 480 1337 mediis
493 1273 636 1357 Apamea
649 1273 746 1336 debinc
760 1273 877 1361 canfistit
889 1275 918 1336 in
933 1273 1026 1354 aruis,

290 1371 330 1434 Et
342 1393 399 1453 qua
415 1369 568 1432 Phoebeum
579 1371 684 1454 procul
693 1371 868 1434 incunabula
882 1372 971 1435 lucem

294 1467 397 1530 Prima
406 1469 517 1551 fauent,
531 1466 658 1532 Emesus
663 1469 791 1552 fastigia
805 1469 880 1558 celsa
893 1470 1008 1532 renidet.

291 1566 375 1629 Nam
390 1563 568 1651 diffusasole
582 1566 656 1628 latus
670 1564 801 1648 explicat,
815 1589 848 1628 ac
859 1567 938 1654 subit
950 1589 1039 1629 auras

296 1663 440 1728 Turribus
453 1663 482 1725 in
497 1663 598 1726 coelum
612 1663 759 1726 nitentibus
773 1687 783 1725 :
796 1663 887 1726 incola
901 1662 990 1727 claris

293 1761 350 1824 Car
359 1762 458 1842 studiis
472 1761 558 1840 acuit,
563 1756 624 1846 sed
639 1761 673 1824 ld
687 1761 808 1844 amplius
821 1763 921 1824 imbuit
933 1763 1006 1825 erdo.

291 1859 421 1940 Denique
424 1859 613 1944 flammicema
626 1859 721 1922 devoti
729 1867 844 1942 pectora
849 1859 909 1950 soli

296 1957 393 2022 Vitam
407 1957 541 2039 agitante
555 1957 693 2021 Libanus
698 1958 844 2042 frondosa
857 1959 1006 2021 cacumina
1019 1973 1114 2042 turget

292 2055 331 2118 Et
343 2070 435 2118 tamen
449 2055 490 2118 bis
503 2055 565 2137 cels
578 2069 690 2117 certant
691 2056 819 2140 fastigia
832 2056 933 2140 templi.

292 2156 354 2220 Hic
359 2155 395 2245 se
408 2157 482 2219 indit
493 2157 575 2220 iuxta
588 2156 717 2221 tellurem
727 2156 847 2241 glaucus
862 2158 1002 2222 Orontes

292 2254 355 2317 Nec
365 2255 471 2337 procul
480 2255 630 2317 Antiochi
644 2278 739 2337 uagus
751 2255 937 2318 interlabitur
951 2258 1059 2337 urbem,

296 2353 530 2438 Praestringitque
545 2352 627 2415 undis
641 2353 813 2434 Apamenae
825 2353 927 2435 iugera
937 2353 1039 2436 gleba.

290 2450 406 2515 Fertilis
419 2449 461 2513 his
475 2450 563 2538 cespes
571 2449 763 2533 protenditur,
777 2471 910 2532 arvaque
924 2451 1017 2513 amica

293 2550 364 2611 Sunt
371 2548 477 2631 pecori,
491 2547 518 2608 in
523 2547 606 2631 fetus
609 2546 715 2631 facilis
729 2545 853 2609 Pomona
867 2547 1002 2637 resurgit,

292 2645 466 2730 Etfecunda
480 2642 563 2707 Ceres
577 2644 817 2732 campoflauescit
830 2659 934 2728 aperto.

294 2743 323 2804 Si
336 2742 438 2832 rursus
451 2743 572 2826 tepidum
586 2741 639 2804 via
652 2743 818 2826 deflebtatur
830 2743 860 2804 in
875 2745 1015 2825 aeeslrum,

294 2841 398 2904 Curva
406 2839 488 2927 ſsnus
502 2840 597 2904 Arabi
603 2839 756 2930 succedent
767 2862 884 2920 aequara
894 2854 1021 2924 propter.

292 2939 428 3021 Namque
442 2939 562 3002 Arabes
577 2937 721 3021 Syriaeque
728 2933 824 3022 solum
849 2960 913 3000 enus
926 2939 1087 3024 istestumto

292 3037 424 3115 Dividit,
437 3038 472 3098 &l
486 3037 564 3098 tentis
573 3035 678 3119 procul
688 3035 897 3119 interfunditur
911 3036 1017 3099 undis:

292 3137 331 3200 Et
343 3149 435 3198 tamen
450 3157 504 3198 eoos
517 3132 636 3216 paulum
650 3132 806 3194 inclinatur
820 3134 849 3194 in
864 3157 940 3212 axes,

275 3224 278 3232 ’
297 3233 392 3324 Usque
404 3231 433 3293 in
449 3231 577 3313 belligeri
589 3228 710 3316 confinia
715 3232 813 3316 stercus
827 3229 927 3293 Elani.
943 3255 956 3288 s

264 3367 410 3437 [Descriptio
430 3365 497 3420 erbis
518 3376 603 3430 terrae,
624 3364 685 3417 veri.
709 3369 866 3430 1036-1103
887 3364 943 3434 (ed.
958 3365 1066 3431 Mulier,
1085 3365 1229 3436 Geegrnpbi

188 3449 269 3519 graeci
279 3448 393 3512 minares,
406 3446 495 3514 Pacis,
509 3451 586 3510 1861,
598 3447 634 3510 11,
645 3462 688 3514 pp.
704 3449 763 3510 186,
777 3446 860 3511 187).]

9 3677 479 3780 401,apr.5.1>01‹1›11vmus
504 3677 558 3768 (de
581 3701 639 3766 quo
657 3679 756 3769 supra
773 3675 815 3744 at
831 3702 878 3743 an.
900 3673 999 3770 382),
1025 3676 1226 3758 tonantem,

195 3787 383 3876 Cesarienſss
413 3789 444 3853 in
475 3783 635 3878 Palasina
665 3781 881 3876 episcopum&
906 3780 1066 3851 MARCUS
1083 3783 1228 3850 diaconus

195 3891 455 3983 Constantinopoli
480 3891 670 3981 aliquamdiu
687 3893 810 3977 morati,
830 3894 861 3957 in
882 3889 1073 3976 Palaestinam
1090 3889 1225 3957 redeunt.

194 3997 393 4069 CYNEGIUS
408 3999 445 4066 ab
457 3997 593 4065 Eudoxia
607 3999 798 4089 imperatrice
813 3996 927 4088 Gazam
941 3999 1081 4062 mittitur.
1104 4005 1182 4074 (ης)

266 4147 386 4216 [Murcus
399 4145 530 4210 diaconus,
543 4143 634 4213 Vitas
645 4142 781 4214 Porphyrij,
794 4144 884 4208 c.v11,
895 4144 921 4206 bb
932 4161 1014 4210 ⁵154
1025 4168 1033 4210 5
1046 4159 1086 4195 cc.
1097 4143 1167 4207 vm,
1181 4142 1227 4206 IX,

195 4232 221 4294 bb
234 4232 324 4294 ⁶3-66,
339 4231 372 4293 69
387 4225 467 4293 (cuius
481 4225 552 4293 vers
564 4224 607 4278 lat.
620 4234 661 4295 ap.
670 4228 723 4278 AA.
733 4222 849 4290 Stant,
864 4225 885 4275 F
886 4225 952 4288 ebs„
963 4224 1012 4290 111,
1026 4240 1068 4294 pp.
1077 4220 1226 4292 654-657).]

233 4332 286 4404 (Cf.
299 4333 393 4388 Itinera
400 4350 497 4402 greca,
509 4333 539 4398 Ι.)
