3296 5700
320 759 428 822 Ephesus.

531 506 600 583 288
942 525 1158 583 nuouunus

527 749 660 817 radentes
667 748 742 840 salo
767 771 853 816 artus
869 744 960 843 apud
976 751 1124 844 Ephesum
1140 745 1213 820 Afie
1231 751 1359 845 insulani
1375 773 1559 846 exponunt.

533 857 592 924 llli
619 861 772 949 postquam
805 860 845 924 ad
868 857 1042 950 sepulcrum
1058 859 1165 950 sandli
1191 859 1337 926 loliannis
1359 859 1563 951 Eussngelidt³

529 963 675 1033 ebulliens
703 966 774 1033 inde
798 989 937 1033 mannam
967 966 1163 1054 admirantes,
1189 965 1328 1034 lacrimis
1347 967 1564 1059 pay‘odesn,

524 1074 680 1162 pupianum
688 1073 728 1163 se
736 1074 853 1165 septem
870 1069 1087 1140 dormientibus
1104 1069 1269 1140 &marie
1285 1072 1495 1164 Magdalene
1509 1074 1565 1140 ih·-

528 1178 596 1244 dem
611 1179 809 1270 requiescenti
826 1179 1102 1247 commendaverunt
1102 1183 1310 1271 ‚'poflquant
1297 1203 1328 1246 tn
1345 1183 1462 1247 umiae
1473 1181 1567 1248 viciat·

529 1289 640 1353 mamis
665 1283 774 1374 locunt,
799 1286 851 1354 ubi
860 1286 990 1378 sendus
1016 1285 1198 1378 euangelista
1224 1285 1462 1377 oraresolelsat‚
1487 1291 1566 1354 onai

425 1453 428 1462 .
522 1391 633 1483 pluuia
658 1389 690 1459 de
711 1396 881 1483 tempestate
909 1396 1066 1462 immunem
1092 1389 1124 1459 δ’
1143 1393 1284 1486 secuturo
1305 1393 1393 1484 satis
1414 1393 1568 1460 aduu'rsui

341 1500 345 1510 '
399 1534 404 1544 ·
529 1521 690 1588 nequeunt:
708 1494 839 1567 duobus
854 1493 933 1568 inde
946 1496 1119 1570 distantem
1131 1495 1286 1566 nuilliariis
1299 1495 1413 1568 villam
1426 1497 1567 1590 Sfssllfl

529 1600 655 1699 pedites
672 1627 840 1675 venerunt.
862 1601 906 1675 lbi
925 1603 1116 1676 mendicato
1141 1627 1228 1699 pane
1250 1603 1346 1692 fonti,
1362 1603 1424 1699 qui
1443 1601 1569 1699 perspi·

530 1709 596 1780 cuis
621 1708 665 1780 ad
690 1707 831 1782 fundum
856 1711 950 1806 aquis
979 1713 1013 1781 in
1034 1708 1146 1781 media
1175 1707 1290 1780 ebullit
1309 1709 1399 1799 villa,
1424 1710 1568 1780 mindo

365 1845 407 1875 ara·
528 1815 650 1903 refedii,
668 1826 791 1913 tranfito
808 1821 890 1887 urbis
906 1820 1056 1888 Stralolis
1069 1841 1167 1886 monte
1182 1819 1309 1911 excelso,
1325 1823 1479 1887 Patarea
1497 1841 1567 1912 pfl·

528 1945 678 1994 rexerunt
694 1919 805 2018 ibique
821 1925 956 2018 glaciali
972 1931 1069 1995 ltinne
1085 1925 1180 1993 undas
1196 1927 1388 2018 exasperante
1405 1928 1492 1994 νινίε
1508 1925 1568 1992 ele·

528 2034 667 2098 mnuiant
684 2029 909 2126 prestolantur.

575 2135 629 2206 Vl.
660 2135 788 2207 Navem
820 2135 956 2207 demum
982 2136 1120 2234 ingredi,
1151 2135 1196 2208 ad
1225 2162 1353 2206 montem
1370 2137 1568 2208 Galeriam

528 2241 783 2314 paranetarum.
802 2243 885 2338 Quo
906 2238 1070 2314 bellorum
1096 2242 1288 2340 tempestate
1309 2265 1389 2312 ntnc
1406 2242 1568 2339 temporis

367 2369 411 2402 ‘¹¹⁸-
529 2346 686 2447 depilat0,
708 2349 817 2421 sevam
833 2345 911 2445 paffi
930 2349 1003 2419 sunt
1014 2347 1168 2420 inediam.
1187 2347 1266 2420 lnde
1281 2347 1422 2419 insulam
1434 2351 1569 2446 Cyprus·

528 2454 612 2525 inter
636 2457 765 2528 Grecos
790 2457 825 2526 dt
850 2457 1043 2527 Sarracenos
1065 2453 1157 2526 fitam
1182 2454 1476 2552 applicuerunt&
1497 2455 1567 2551 pal·

385 2591 417 2622 u·-
528 2558 631 2653 chale,
654 2561 835 2659 quodiam
857 2559 1005 2652 instabat,
1031 2562 1147 2633 festum
1166 2558 1258 2658 apud
1280 2567 1419 2656 Papium
1447 2558 1568 2632 urbem

528 2691 678 2765 agentes,
704 2668 772 2740 sole
788 2671 855 2740 iam
873 2668 1127 2760 circumvoluto,
1147 2691 1210 2738 tres
1226 2668 1259 2737 in
1277 2693 1317 2738 ea
1332 2663 1568 2740 hebdomadas

430 2780 436 2792 ‘
529 2774 690 2847 stetemnt.
721 2775 799 2847 lnde
816 2774 960 2847 eiusdem
978 2774 1078 2846 ittlule
1095 2772 1212 2846 urbem
1229 2778 1446 2866 Constantiani,
1463 2773 1567 2845 sandei

529 2881 697 2978 [piphanij
708 2884 845 2977 presulis
865 2884 1070 2953 miraculis&
1082 2905 1223 2978 corpore
1236 2882 1418 2974 gloriosam,
1435 2877 1569 2952 adeun·

530 3016 587 3082 tes,
606 2993 706 3064 senui
724 2991 877 3064 lobannis
889 2993 1028 3089 baptiste
1044 2992 1249 3064 nativitatem
1260 2987 1306 3062 ibi
1319 3013 1468 3088 egerunt.
1492 2988 1569 3062 inde

336 3111 437 3156 'urau-
528 3123 588 3196 per
604 3100 860 3171 sarracenorum
883 3101 1050 3173 civitatem
1066 3099 1232 3169 Tharratas
1255 3095 1378 3168 didam
1399 3099 1435 3167 δι
1449 3097 1570 3168 milei

351 3222 395 3270 ia.
526 3204 598 3276 lum
624 3213 735 3278 olralte
762 3230 922 3279 venerunt
950 3207 1084 3297 lidiffam
1116 3209 1257 3276 Pleniaie
1280 3205 1421 3296 reliquiis
1449 3208 1569 3280 ‘tum

528 3315 658 3406 apostoli
678 3313 711 3383 fe
733 3315 870 3406 spilda,
895 3341 982 3406 queam
998 3314 1141 3384 Salvator
1164 3314 1318 3405 allegato
1341 3315 1412 3403 regi
1424 3312 1566 3408 seripfit,

528 3417 754 3516 magnificam:
783 3416 840 3490 ubi
856 3443 944 3490 nunc
963 3419 1036 3488 miri
1055 3418 1163 3514 operis
1183 3415 1284 3488 clatet
1301 3412 1442 3506 ecdefia,
1461 3441 1568 3511 quam

528 3524 656 3596 Helena
685 3527 800 3624 regina
830 3526 1007 3596 construxit
1031 3526 1064 3594 in
1089 3523 1255 3596 honorem
1284 3521 1384 3594 sanai
1410 3521 1568 3596 iohannis

528 3631 678 3728 Baptiste,
692 3634 783 3703 cuius
800 3656 911 3728 caput,
929 3635 967 3702 al
977 3635 1199 3728 Hierosolymis
1217 3630 1293 3700 illut
1304 3637 1492 3721 transturas,
1514 3629 1566 3701 diu

527 3739 562 3810 in
579 3736 698 3810 eadem
717 3738 811 3810 latuit
828 3736 917 3810 urbe.

574 3846 640 3917 Vll.
656 3850 722 3916 lam
737 3871 816 3916 vero
827 3847 953 3916 {aniius
961 3841 1183 3932 willibaldus,
1195 3839 1432 3914 comitantibus
1443 3841 1481 3913 se
1495 3842 1566 3940 sep·

527 3977 595 4024 tem
609 3953 670 4023 suis
683 3949 929 4042 contribulibus,
943 3951 1011 4046 ipse
1025 3951 1086 4022 finit
1098 3953 1245 4021 olianus.
1254 3949 1431 4034 Sanaceni,
1445 3949 1564 4020 viden

528 4083 646 4133 testeos
657 4058 772 4156 lingtta
784 4055 943 4146 dissonos,
958 4055 1071 4128 habitu
1084 4057 1231 4154 ignotos,
1243 4053 1441 4152 proditionis
1455 4057 1563 4152 gratia

528 4189 586 4236 eos
603 4161 725 4238 venisse
743 4163 894 4236 dixerunt
909 4165 944 4234 δι
961 4159 1077 4260 presidi
1090 4162 1311 4257 presentantes
1329 4160 1450 4232 carceri
1468 4185 1562 4232 man·

529 4273 731 4370 dpeverunt.
754 4269 818 4342 Sed
836 4271 912 4368 quia
925 4270 1001 4340 Deo
1019 4267 1125 4340 nullus
1139 4265 1312 4360 clauditur,
1328 4291 1398 4336 erat
1415 4263 1461 4338 ibi
1481 4291 1562 4340 unus
