3296 5700
303 551 591 607 HODOEPORICON
616 556 641 607 S.
668 553 913 608 WILLIBALDI.
1056 561 1124 639 251

89 753 359 826 munificentiam
375 756 409 825 in
425 753 457 826 se
474 753 690 852 provocabat,
703 759 748 830 ita
765 781 801 829 ut
814 784 928 830 amore
942 762 976 830 &
1001 761 1129 834 honore

89 864 182 934 inter
206 885 323 933 omnes
348 859 637 956 habereturaillos,
661 860 769 960 ficque
790 862 910 937 diutius
928 866 1043 940 diurne
1068 869 1130 941 sol-

87 966 274 1040 licitudinis
286 993 374 1060 cura,
383 964 543 1040 elucubris
551 968 732 1042 litterarum
745 970 853 1043 studiis
867 972 1062 1066 inherend0‚
1077 976 1130 1048 die

89 1078 268 1171 nostuque
289 1101 420 1147 eatenus
443 1077 610 1174 vigore&
627 1076 826 1150 rettimdinis
855 1082 962 1178 rigore
986 1107 1132 1154 mentem

89 1179 283 1274 edomaret,
309 1205 345 1252 ut
361 1180 403 1254 de
423 1180 477 1253 die
494 1184 528 1254 in
547 1180 636 1254 diem
652 1181 695 1254 ad
712 1185 849 1256 meliora
873 1187 993 1258 celestis
1018 1189 1131 1261 militie

86 1287 310 1360 instrumenta
324 1288 506 1386 proficeret.
523 1287 537 1334 ⁶

87 1533 165 1604 Vll.
187 1535 281 1601 Peter
297 1533 452 1626 consentit,
469 1530 502 1601 e
518 1558 577 1603 uno
593 1559 658 1602 cum
667 1533 742 1621 filio
767 1534 959 1604 Wumbcldo
975 1536 1130 1631 confilium

447 1642 662 1733 proficiscendi
679 1645 772 1709 ἰτιίτ.τ
827 1693 830 1698 .

146 1825 320 1920 Postquam
334 1823 389 1896 ille
404 1822 605 1916 adolescens,
624 1825 743 1896 Christi
759 1825 961 1916 vemaculus‚
982 1823 1060 1898 sicut
1077 1827 1124 1898 lu·

89 1959 157 2029 pra
166 1929 317 2020 diximus,
324 1931 456 2028 ignotas
472 1931 744 2028 peregrinationis
760 1931 828 2003 vias
840 1929 979 2030 probare
994 1931 1127 2006 volebat

86 2063 194 2134 atque
211 2063 359 2111 externas
385 2039 599 2110 terminorum
625 2037 751 2110 tellures
768 2037 858 2110 adire
877 2039 1126 2137 speculariqued

90 2142 238 2240 optabat
262 2170 395 2216 necnon
418 2145 648 2216 immaniffima
663 2145 761 2216 maris
780 2143 999 2217 discriminare
1017 2145 1128 2220 decre·

89 2276 188 2324 verat
196 2277 332 2348 equora,
338 2253 464 2324 llatim‘
479 2251 596 2323 illeista
602 2250 711 2323 cordis
724 2251 769 2321 sui
780 2249 990 2343 clandestina,
1004 2255 1130 2326 cunctis

90 2357 239 2448 occulta,
257 2359 378 2430 carnali
394 2359 452 2430 suo
470 2357 623 2429 revelavit
638 2358 732 2454 patri,
754 2353 880 2453 atques
890 2355 983 2428 illum
1001 2357 1128 2432 obnixis

89 2463 436 2563 flagitabatprecibus,
451 2489 487 2535 ut
494 2465 605 2536 votive
619 2463 672 2534 sue
686 2463 861 2535 voluntatis
875 2460 1033 2536 defiderio
1048 2492 1128 2538 con·

88 2571 202 2644 lilium
218 2573 271 2646 seu
289 2573 484 2646 consensum
501 2569 660 2669 preberet,
674 2573 709 2643 &
727 2586 787 2643 ut!
799 2568 928 2642 transire
938 2573 952 2618 ¹
963 2571 1129 2646 licentiam

90 2679 191 2752 daret
212 2683 248 2750 &
262 2680 331 2776 ipse
345 2679 454 2752 secum
471 2701 621 2777 pergeret
637 2701 729 2774 pater
749 2678 818 2748 eius
841 2674 1006 2773 poscebat.
1026 2680 1129 2752 Curn-

90 2815 161 2885 que
177 2787 282 2876 illum,
308 2786 350 2858 ad
367 2788 448 2858 tanti
465 2788 573 2883 operis
590 2785 721 2856 initium
737 2809 892 2880 tanreque
910 2786 975 2858 vite
992 2810 1128 2860 conver·

88 2897 256 2966 sationem
275 2892 459 2982 invitand0,
485 2919 507 2964 a
523 2892 621 2964 seculi
639 2888 872 2988 voluptatibus,
896 2918 916 2963 a
933 2892 1050 2966 mundi
1068 2892 1125 2966 de·

89 3005 189 3095 liciis,
214 3030 234 3074 a
259 3001 448 3099 temporalis
473 3001 538 3072 vite
562 2997 644 3070 falsu
667 2997 854 3072 divitiarum
875 2999 1036 3095 prosperis
1057 3001 1129 3099 sug·

91 3111 245 3209 gerendo
255 3110 424 3208 segregare
433 3105 575 3196 volebat,
589 3110 624 3179 &
636 3107 759 3197 illum‚¹'
776 3104 958 3202 opitulante
967 3107 1129 3200 Domino,

91 3218 137 3290 ad
155 3223 244 3289 recle
261 3217 499 3288 constitutionis
518 3215 660 3286 formam
672 3211 762 3284 &ad
779 3212 900 3283 celestis
917 3211 1030 3284 militie
1051 3215 1128 3286 tiro·

91 3328 220 3397 citrium
245 3324 393 3397 divinum
401 3324 573 3419 =inchoare
597 3323 759 3395 servitium
781 3322 1020 3420 propriamque
1039 3318 1128 3393 dese·

91 3460 164 3504 τετε
182 3433 322 3529 patriam
339 3433 374 3501 δι
395 3431 507 3529 patula
524 3431 634 3501 secum
654 3429 924 3526 peregrinationis
943 3429 1128 3524 perquirere

92 3567 170 3612 rura
193 3536 342 3636 rogabat,
367 3542 402 3609 &
426 3535 468 3608 fic
488 3537 582 3608 illum
598 3536 746 3632 primitus
767 3533 896 3606 bland‘n
920 3534 1130 3606 oraculorum

93 3645 207 3718 studiis
229 3644 431 3742 alloquendo
453 3642 624 3734 invitabat,
641 3667 688 3732 ut,
713 3644 871 3713 comitatu
896 3640 1039 3713 filiorum
1061 3644 1128 3714 eius

93 3749 270 3853 fungens‚1'
285 3751 440 3850 egregia*
455 3750 578 3822 adiretl
592 3751 684 3838 Petri,
712 3748 937 3845 apostolorum
962 3750 1127 3847 principis,

92 3861 223 3950 limina,
240 3884 319 3931 tunc
333 3859 388 3930 ille
402 3856 446 3931 ad
458 3861 618 3955 primitus,
633 3858 690 3929 illo
703 3855 898 3955 postulante,
919 3858 1057 3952 petitum
1069 3881 1127 3928 ne·

129 4105 154 4138 a.
169 4087 196 4138 C.
211 4085 357 4136 habebatur.
374 4113 410 4123 -
422 4085 447 4136 b.
464 4087 490 4136 C.
503 4082 579 4153 profi·
641 4081 693 4134 illo.
706 4110 738 4120 -
752 4080 778 4133 h.
788 4079 889 4132 transire
900 4081 926 4132 d.
941 4077 967 4131 in
979 4080 1006 4131 G.
1016 4109 1051 4118 —
1064 4079 1081 4130 i.
1097 4081 1124 4132 C.

95 4167 153 4220 ciet.
170 4195 207 4206 -
226 4181 249 4217 c.
266 4162 362 4216 Titulus
373 4166 398 4216 A.
416 4163 442 4216 in
454 4165 490 4230 0.,
505 4164 530 4216 Ρ.
547 4191 579 4202 -
641 4162 704 4214 illos.
723 4193 745 4202 -
759 4159 929 4228 j.C.fugiens.
941 4158 1126 4228 -k.C.egre-

95 4247 120 4298 d.
134 4249 163 4300 C.
177 4243 374 4315 specriaretque.
392 4273 429 4282 —
450 4261 471 4295 e.
494 4245 520 4296 C.
533 4241 580 4294 lle·
642 4243 707 4312 gius.
719 4241 777 4294 -l.
792 4243 818 4294 C.
832 4241 892 4292 add.
906 4237 1025 4308 presagia.

97 4326 205 4397 timque.
219 4353 255 4364 -
267 4323 285 4378 f.
297 4324 378 4378 Gall.
389 4353 425 4363 -
437 4341 462 4395 g.
474 4321 583 4376 Gaddir
