3390 5720
452 581 503 634 nn
524 582 628 634 LOCIS
649 581 815 636 saucrrs.
1083 593 1148 662 117

196 879 203 892 .
221 819 319 893 XLV.
338 823 494 910 osthsibis,
504 825 634 918 sarissas
651 825 804 910 Manuos,
824 825 1032 897 ediexandria.

152 1005 411 1080 Descendentes
447 1034 506 1106 per
532 1009 704 1108 Egyptum,
739 1012 887 1083 venimus
922 1015 956 1084 in
985 1015 1151 1086 civitatem

102 1117 277 1185 aithsibim
302 1118 337 1185 &
362 1114 664 1212 perambulavimus
694 1119 794 1213 usque
825 1119 868 1190 ad
885 1124 1023 1214 saneiam
1047 1123 1151 1192 Men·

101 1249 225 1310 natetre,
242 1224 298 1317 qui
309 1223 427 1294 multas
442 1225 571 1296 virmtes
584 1222 628 1296 ibi
642 1249 804 1324 operatur.
815 1224 892 1297 lnde
906 1227 1150 1318 descendentes,

102 1332 139 1399 in
158 1331 326 1402 naviculis
347 1357 406 1428 per
428 1331 580 1428 stagnum
601 1334 750 1403 venimus
767 1335 1003 1406 oilexancsriam.
1029 1338 1061 1405 ln
1078 1335 1150 1430 ipso

102 1437 233 1536 stagno
250 1437 393 1511 vidimus
408 1437 652 1511 multitudinem
666 1439 935 1512 crocodillorum.
954 1439 1151 1512 Alexandria

104 1545 151 1616 est
164 1546 287 1616 civitas
300 1543 482 1641 splendida,
497 1546 639 1644 populus
651 1546 834 1640 leviffimus,
849 1547 904 1619 sed
917 1574 1046 1620 amator
1061 1574 1151 1645 pere·

104 1654 299 1752 grinorum
317 1655 454 1725 Hereses
475 1652 520 1725 ibi
541 1655 643 1725 multe
660 1655 743 1726 s'unt.
772 1653 816 1726 lbi
838 1657 1007 1752 requiescit
1025 1657 1151 1728 sancius

104 1759 321 1852 Athanasius,
343 1759 437 1858 ipfius
459 1764 597 1834 civitatis
623 1764 806 1859 episcopus,
830 1764 956 1836 sanstus
975 1765 1100 1834 faustus
1117 1767 1151 1834 ὅ(

106 1868 242 1939 sanstus
251 1868 444 1966 Epimachus
457 1872 492 1939 &
511 1869 635 1939 sansius
646 1871 809 1941 Antonius
821 1872 1012 1966 sanstus’que
1025 1873 1153 1943 Marcus

108 1977 144 2045 δε
162 1975 232 2045 alia
250 1975 354 2046 multa
371 1976 559 2046 sandorum
575 2001 726 2089 corpora,

107 2208 222 2278 XLVI.
246 2211 474 2301 Hierosolyma,
496 2214 597 2304 Ioppe,
622 2213 752 2303 Cesarea
779 2211 941 2301 Palessiae,
969 2217 1148 2306 Damascus,

171 2325 264 2388 vicus
283 2321 407 2411 Rosius,
425 2319 616 2408 Heliopolis,
636 2321 753 2410 Emesa,
772 2321 896 2410 Larisa,
917 2323 1086 2415 citeriusa,
1125 2369 1128 2376 ·

455 2429 642 2518 Epiphania,
662 2430 811 2517 ospomt'a.

162 2614 286 2682 lterum
312 2610 462 2680 venimus
478 2611 731 2705 Hierosolymam,
751 2607 806 2680 ubi
824 2633 957 2706 egrotus
975 2605 1076 2679 mansi
1097 2633 1155 2704 per

115 2718 262 2788 multum
279 2741 420 2814 tempus,
444 2715 612 2788 evidenter
635 2716 755 2786 collatu
781 2712 870 2804 fidei,
897 2714 978 2787 dum
1004 2715 1071 2788 vidi
1096 2741 1155 2811 pet

113 2821 277 2895 visionem
309 2823 443 2895 beatum
476 2823 661 2895 Antonium
694 2827 729 2893 ἃ
763 2821 894 2894 beatam
927 2822 1150 2918 Euphemiam.

115 2931 309 3028 Qromodo
326 2936 462 3023 venerit,
483 2933 603 3029 paritet
624 2959 678 3002 me
696 2932 830 3002 sanavit.
854 2925 998 3027 Egressus
1015 2929 1057 3001 de
1075 2932 1154 3002 Hie·

116 3040 286 3132 rosolyma
313 3036 466 3111 descendi
487 3041 520 3111 in
543 3044 667 3133 ioppen,
693 3035 748 3114 ubi
769 3037 940 3132 requiescit
961 3037 1071 3108 sanda
1087 3040 1155 3109 Ta-

116 3143 219 3237 bitha‚
248 3171 312 3240 que
341 3149 526 3218 &Dorcas
557 3144 685 3218 dicitur.
720 3145 851 3218 Deinde
878 3145 955 3218 veni
978 3145 1155 3216 Cesaream

118 3255 351 3341 maritimam,⁸
368 3281 432 3350 que
446 3255 538 3326 turris
552 3255 721 3344 Stratonis,
734 3280 799 3349 que
812 3257 846 3324 ὅ(
860 3257 991 3347 Cesarea
1003 3254 1154 3344 Palestiae

119 3385 267 3454 vocatur,
289 3363 323 3432 in
345 3388 410 3457 qua
431 3363 600 3458 requiescit
626 3363 756 3432 sanstus
773 3360 957 3458 Pamphilus
975 3363 1010 3430 dt
1027 3359 1154 3430 sandius

121 3468 299 3566 Procopius
316 3470 506 3564 sanstusque
523 3469 708 3560 Cornelius,
731 3495 770 3539 ex
787 3469 876 3539 cuius
893 3468 979 3538 lesio
998 3465 1152 3538 benedic-

122 3577 249 3648 tionem
266 3578 409 3648 tulimus.
433 3575 510 3648 lnde
529 3601 586 3673 per
603 3576 766 3647 Galileam
784 3571 999 3664 ascendimus,
1017 3576 1052 3643 δ(
1068 3575 1156 3644 veni·

123 3708 192 3753 mus
209 3688 406 3777 Damascum.
432 3681 476 3756 lbi
500 3684 544 3755 est
569 3685 802 3755 monasterium
830 3680 873 3754 ad
900 3680 1086 3752 milliarium
1110 3681 1155 3751 s·

123 3789 281 3881 cundum,
306 3789 361 3863 ubi
383 3793 509 3863 sanslus
528 3791 639 3862 Paulus
666 3791 840 3862 conversus
862 3791 906 3860 est
934 3791 967 3859 in
992 3796 1071 3872 vico,
1100 3790 1157 3882 qui

123 3922 258 3970 vocatur
273 3904 397 3994 Recito,
414 3901 447 3970 in
466 3924 535 3993 quo
552 3898 631 3969 loco
646 3897 749 3968 multe
766 3896 849 3968 fiunt
865 3898 1008 3968 virtutes.
1026 3893 1157 3966 Deinde

125 4006 272 4076 venimus
298 4009 489 4100 Heliopolim
519 4007 554 4075 &
581 4004 698 4076 exinde
720 4009 866 4096 Emesam,
898 4000 954 4073 ubi
982 4001 1027 4072 est
1059 4025 1159 4096 caput
1189 4015 1194 4022 '

126 4112 275 4184 iohannis
302 4113 440 4209 Baptiste
465 4113 498 4184 in
521 4111 614 4182 dolio
641 4113 756 4202 vitreo,
784 4113 819 4182 &
845 4109 946 4182 oculis
973 4107 1087 4180 nostris
1113 4105 1159 4178 ibi

126 4221 229 4318 ipsum
254 4221 341 4292 intus
358 4218 498 4293 vidimus
520 4222 555 4291 &
577 4217 798 4291 adoravimus.
820 4214 941 4290 [made
960 4214 1159 4286 transeuntes

160 4477 182 4512 a
196 4460 232 4514 sic
244 4477 296 4531 ego,
309 4457 344 4513 ai.
358 4458 475 4532 Philippi.
