<?xml version="1.0" encoding="UTF-8"?>
<!DOCTYPE html PUBLIC "-//W3C//DTD XHTML 1.0 Transitional//EN"
    "http://www.w3.org/TR/xhtml1/DTD/xhtml1-transitional.dtd">
<html xmlns="http://www.w3.org/1999/xhtml" xml:lang="en" lang="en">
 <head>
  <title>
</title>
<meta http-equiv="Content-Type" content="text/html;charset=utf-8" />
  <meta name='ocr-system' content='tesseract 3.04.00' />
  <meta name='ocr-capabilities' content='ocr_page ocr_carea ocr_par ocr_line ocrx_word'/>
</head>
<body>
  <div class='ocr_page' id='page_1' title='image "./itinerahierosol00berngoog_0307.png"; bbox 0 0 3296 5700; ppageno 0'>
   <div class='ocr_carea' id='block_1_1' title="bbox 535 553 1231 646">
    <p class='ocr_par' dir='ltr' id='par_1_1' title="bbox 535 553 1231 646">
     <span class='ocr_line' id='line_1_1' title="bbox 535 553 1231 646; baseline -0.007 -26"><span class='ocrx_word' id='word_1_1' title='bbox 535 553 603 646; x_wconf 87' lang='lat'>238</span> <span class='ocrx_word' id='word_1_2' title='bbox 850 565 955 619; x_wconf 78' lang='lat' dir='ltr'>anon</span> <span class='ocrx_word' id='word_1_3' title='bbox 981 566 1231 620; x_wconf 77' lang='lat' dir='ltr'>vnnnanmtrs</span> 
     </span>
    </p>
   </div>
   <div class='ocr_carea' id='block_1_2' title="bbox 816 953 1290 1095">
    <p class='ocr_par' dir='ltr' id='par_1_2' title="bbox 816 953 1290 1095">
     <span class='ocr_line' id='line_1_2' title="bbox 816 953 1290 1095; baseline 0.002 -4"><span class='ocrx_word' id='word_1_4' title='bbox 816 953 1290 1095; x_wconf 75' lang='lat' dir='ltr'>rnnonrnrun</span> 
     </span>
    </p>
   </div>
   <div class='ocr_carea' id='block_1_3' title="bbox 632 1160 1472 1326">
    <p class='ocr_par' dir='ltr' id='par_1_3' title="bbox 632 1160 1472 1326">
     <span class='ocr_line' id='line_1_3' title="bbox 632 1160 1472 1326; baseline -0.001 -27"><span class='ocrx_word' id='word_1_5' title='bbox 632 1160 785 1324; x_wconf 66' lang='lat' dir='ltr'>guod&gt;</span> <span class='ocrx_word' id='word_1_6' title='bbox 809 1232 974 1326; x_wconf 67' lang='lat' dir='ltr'>ringo</span> <span class='ocrx_word' id='word_1_7' title='bbox 1000 1231 1197 1326; x_wconf 65' lang='lat' dir='ltr'>arroso</span> <span class='ocrx_word' id='word_1_8' title='bbox 1223 1233 1472 1324; x_wconf 68' lang='lat' dir='ltr'>uncum</span> 
     </span>
    </p>
   </div>
   <div class='ocr_carea' id='block_1_4' title="bbox 808 1439 1169 1513">
    <p class='ocr_par' dir='ltr' id='par_1_4' title="bbox 808 1439 1169 1513">
     <span class='ocr_line' id='line_1_4' title="bbox 808 1439 1169 1513; baseline 0.006 -27"><span class='ocrx_word' id='word_1_9' title='bbox 808 1510 809 1513; x_wconf 8' lang='grc' dir='ltr'><strong>Ἴ</strong></span> <span class='ocrx_word' id='word_1_10' title='bbox 929 1439 1086 1488; x_wconf 82' lang='lat' dir='ltr'>nnmruu</span> <span class='ocrx_word' id='word_1_11' title='bbox 1102 1440 1169 1488; x_wconf 83' lang='lat' dir='ltr'>mr.</span> 
     </span>
    </p>
   </div>
   <div class='ocr_carea' id='block_1_5' title="bbox 601 1639 1490 1800">
    <p class='ocr_par' dir='ltr' id='par_1_5' title="bbox 601 1639 1490 1800">
     <span class='ocr_line' id='line_1_5' title="bbox 601 1639 1490 1720; baseline 0.002 -28"><span class='ocrx_word' id='word_1_12' title='bbox 601 1641 643 1708; x_wconf 85' lang='lat' dir='ltr'>(B.</span> <span class='ocrx_word' id='word_1_13' title='bbox 656 1641 714 1695; x_wconf 89' lang='lat' dir='ltr'>cod.</span> <span class='ocrx_word' id='word_1_14' title='bbox 728 1639 899 1706; x_wconf 74' lang='lat' dir='ltr'>Bruxelenfir,</span> <span class='ocrx_word' id='word_1_15' title='bbox 911 1641 937 1694; x_wconf 85' lang='grc' dir='ltr'>Ρ.</span> <span class='ocrx_word' id='word_1_16' title='bbox 952 1642 1009 1720; x_wconf 84' lang='lat' dir='ltr'>cod.</span> <span class='ocrx_word' id='word_1_17' title='bbox 1023 1641 1160 1696; x_wconf 78' lang='lat' dir='ltr'>Parisrtnsn</span> <span class='ocrx_word' id='word_1_18' title='bbox 1172 1641 1263 1696; x_wconf 82' lang='lat' dir='ltr'>latinus</span> <span class='ocrx_word' id='word_1_19' title='bbox 1281 1659 1372 1712; x_wconf 79' lang='lat'>12943,</span> <span class='ocrx_word' id='word_1_20' title='bbox 1387 1645 1412 1694; x_wconf 91' lang='grc' dir='ltr'>Κ.</span> <span class='ocrx_word' id='word_1_21' title='bbox 1426 1643 1490 1694; x_wconf 90' lang='lat' dir='ltr'>cod.</span> 
     </span>
     <span class='ocr_line' id='line_1_6' title="bbox 919 1730 1175 1800; baseline 0.004 -17"><span class='ocrx_word' id='word_1_22' title='bbox 919 1730 1012 1800; x_wconf 73' lang='lat' dir='ltr'>regina</span> <span class='ocrx_word' id='word_1_23' title='bbox 1025 1730 1175 1799; x_wconf 78' lang='lat' dir='ltr'>Christinae.)</span> 
     </span>
    </p>
   </div>
   <div class='ocr_carea' id='block_1_6' title="bbox 618 1985 1627 2159">
    <p class='ocr_par' dir='ltr' id='par_1_6' title="bbox 618 1963 1627 2159">
     <span class='ocr_line' id='line_1_7' title="bbox 618 1985 1558 2076; baseline 0.005 -26"><span class='ocrx_word' id='word_1_24' title='bbox 618 1985 1090 2074; x_wconf 72' lang='lat' dir='ltr'>Eloco.⁶Aliqualocoruminci</span> <span class='ocrx_word' id='word_1_25' title='bbox 1113 1991 1181 2054; x_wconf 91' lang='lat' dir='ltr'>iunt</span> <span class='ocrx_word' id='word_1_26' title='bbox 1194 1990 1558 2076; x_wconf 72' lang='lat' dir='ltr'>sonalCognomentum</span> 
     </span>
     <span class='ocr_line' id='line_1_8' title="bbox 618 2075 1627 2159; baseline 0.003 -21"><span class='ocrx_word' id='word_1_27' title='bbox 618 2077 748 2140; x_wconf 87' lang='lat' dir='ltr'>sortitus.</span> <span class='ocrx_word' id='word_1_28' title='bbox 773 2075 843 2140; x_wconf 83' lang='lat' dir='ltr'>Post</span> <span class='ocrx_word' id='word_1_29' title='bbox 866 2077 974 2139; x_wconf 87' lang='lat' dir='ltr'>decem</span> <span class='ocrx_word' id='word_1_30' title='bbox 995 2076 1193 2142; x_wconf 80' lang='lat' dir='ltr'>ecclemstice</span> <span class='ocrx_word' id='word_1_31' title='bbox 1215 2080 1340 2143; x_wconf 90' lang='lat' dir='ltr'>historie</span> <span class='ocrx_word' id='word_1_32' title='bbox 1365 2078 1471 2159; x_wconf 79' lang='lat' dir='ltr'>libros,</span> <span class='ocrx_word' id='word_1_33' title='bbox 1500 2079 1558 2158; x_wconf 79' lang='lat' dir='ltr'>poli</span> <span class='ocrx_word' id='word_1_34' title='bbox 1626 2103 1627 2132; x_wconf 72' lang='lat'>1</span> 
     </span>
    </p>
   </div>
   <div class='ocr_carea' id='block_1_7' title="bbox 529 2166 1558 2425">
    <p class='ocr_par' dir='ltr' id='par_1_7' title="bbox 529 2166 1558 2425">
     <span class='ocr_line' id='line_1_9' title="bbox 531 2166 1557 2268; baseline 0 -38"><span class='ocrx_word' id='word_1_35' title='bbox 531 2182 708 2267; x_wconf 78' lang='lat' dir='ltr'>temporum</span> <span class='ocrx_word' id='word_1_36' title='bbox 736 2186 869 2228; x_wconf 85' lang='lat' dir='ltr'>canones</span> <span class='ocrx_word' id='word_1_37' title='bbox 893 2187 971 2250; x_wconf 90' lang='lat' dir='ltr'>quos</span> <span class='ocrx_word' id='word_1_38' title='bbox 995 2187 1053 2230; x_wconf 88' lang='lat' dir='ltr'>nos</span> <span class='ocrx_word' id='word_1_39' title='bbox 1077 2166 1298 2268; x_wconf 30' lang='lat' dir='ltr'>latinenlinguc</span> <span class='ocrx_word' id='word_1_40' title='bbox 1323 2167 1476 2249; x_wconf 81' lang='lat' dir='ltr'>dedimus,</span> <span class='ocrx_word' id='word_1_41' title='bbox 1500 2167 1557 2267; x_wconf 89' lang='lat' dir='ltr'>poll</span> 
     </span>
     <span class='ocr_line' id='line_1_10' title="bbox 529 2251 1558 2425; baseline 0 -21"><span class='ocrx_word' id='word_1_42' title='bbox 529 2251 1558 2425; x_wconf 56' lang='lat' dir='ltr'>lllllltsstlll.{lssllllsltillailll‘li‘ffllt</span> 
     </span>
    </p>
   </div>
   <div class='ocr_carea' id='block_1_8' title="bbox 530 2427 1627 2516">
    <p class='ocr_par' dir='ltr' id='par_1_8' title="bbox 530 2427 1627 2516">
     <span class='ocr_line' id='line_1_11' title="bbox 530 2427 1627 2516; baseline -0.002 -22"><span class='ocrx_word' id='word_1_43' title='bbox 530 2431 561 2494; x_wconf 77' lang='lat' dir='ltr'>dr</span> <span class='ocrx_word' id='word_1_44' title='bbox 576 2429 730 2494; x_wconf 69' lang='lat' dir='ltr'>distindtas</span> <span class='ocrx_word' id='word_1_45' title='bbox 747 2430 884 2494; x_wconf 90' lang='lat' dir='ltr'>tribuum</span> <span class='ocrx_word' id='word_1_46' title='bbox 904 2429 1007 2510; x_wconf 85' lang='lat' dir='ltr'>sortes,</span> <span class='ocrx_word' id='word_1_47' title='bbox 1021 2427 1111 2512; x_wconf 82' lang='lat' dir='ltr'>ipsus</span> <span class='ocrx_word' id='word_1_48' title='bbox 1133 2453 1257 2516; x_wconf 88' lang='lat' dir='ltr'>quoque</span> <span class='ocrx_word' id='word_1_49' title='bbox 1278 2431 1472 2495; x_wconf 85' lang='lat' dir='ltr'>Hierusalem</span> <span class='ocrx_word' id='word_1_50' title='bbox 1490 2447 1559 2494; x_wconf 89' lang='lat' dir='ltr'>tem·</span> <span class='ocrx_word' id='word_1_51' title='bbox 1626 2463 1627 2508; x_wconf 66' lang='lat' dir='ltr'>r</span> 
     </span>
    </p>
   </div>
   <div class='ocr_carea' id='block_1_9' title="bbox 530 2518 1559 2694">
    <p class='ocr_par' dir='ltr' id='par_1_9' title="bbox 530 2518 1559 2694">
     <span class='ocr_line' id='line_1_12' title="bbox 531 2518 1559 2604; baseline 0 -22"><span class='ocrx_word' id='word_1_52' title='bbox 531 2521 635 2603; x_wconf 93' lang='lat' dir='ltr'>plique</span> <span class='ocrx_word' id='word_1_53' title='bbox 656 2520 692 2582; x_wconf 88' lang='lat' dir='ltr'>in</span> <span class='ocrx_word' id='word_1_54' title='bbox 708 2539 744 2580; x_wconf 86' lang='lat' dir='ltr'>ea</span> <span class='ocrx_word' id='word_1_55' title='bbox 764 2539 836 2580; x_wconf 90' lang='lat' dir='ltr'>cum</span> <span class='ocrx_word' id='word_1_56' title='bbox 858 2518 1025 2581; x_wconf 88' lang='lat' dir='ltr'>brevillima</span> <span class='ocrx_word' id='word_1_57' title='bbox 1045 2519 1233 2602; x_wconf 79' lang='lat' dir='ltr'>expositione</span> <span class='ocrx_word' id='word_1_58' title='bbox 1256 2521 1407 2604; x_wconf 77' lang='lat' dir='ltr'>pidluram</span> <span class='ocrx_word' id='word_1_59' title='bbox 1425 2521 1465 2584; x_wconf 84' lang='lat' dir='ltr'>ad</span> <span class='ocrx_word' id='word_1_60' title='bbox 1484 2536 1559 2583; x_wconf 82' lang='lat' dir='ltr'>exte·</span> 
     </span>
     <span class='ocr_line' id='line_1_13' title="bbox 530 2606 1556 2694; baseline 0 -24"><span class='ocrx_word' id='word_1_61' title='bbox 530 2629 599 2670; x_wconf 91' lang='lat' dir='ltr'>rum</span> <span class='ocrx_word' id='word_1_62' title='bbox 612 2623 621 2656; x_wconf 78' lang='lat' dir='ltr'>c</span> <span class='ocrx_word' id='word_1_63' title='bbox 636 2609 665 2672; x_wconf 92' lang='lat' dir='ltr'>in</span> <span class='ocrx_word' id='word_1_64' title='bbox 690 2608 750 2670; x_wconf 91' lang='lat' dir='ltr'>hoc</span> <span class='ocrx_word' id='word_1_65' title='bbox 773 2606 923 2671; x_wconf 88' lang='lat' dir='ltr'>laboravit</span> <span class='ocrx_word' id='word_1_66' title='bbox 947 2606 1104 2689; x_wconf 88' lang='lat' dir='ltr'>opusculo,</span> <span class='ocrx_word' id='word_1_67' title='bbox 1130 2624 1163 2671; x_wconf 91' lang='lat' dir='ltr'>ut</span> <span class='ocrx_word' id='word_1_68' title='bbox 1187 2625 1389 2694; x_wconf 75' lang='lat' dir='ltr'>congregaret</span> <span class='ocrx_word' id='word_1_69' title='bbox 1410 2609 1502 2673; x_wconf 79' lang='lat' dir='ltr'>nobis</span> <span class='ocrx_word' id='word_1_70' title='bbox 1524 2608 1556 2670; x_wconf 87' lang='lat' dir='ltr'>dr</span> 
     </span>
    </p>
   </div>
   <div class='ocr_carea' id='block_1_10' title="bbox 527 2694 1627 3223">
    <p class='ocr_par' dir='ltr' id='par_1_10' title="bbox 527 2694 1627 3223">
     <span class='ocr_line' id='line_1_14' title="bbox 528 2694 1627 2788; baseline -0.001 -28"><span class='ocrx_word' id='word_1_71' title='bbox 528 2697 628 2760; x_wconf 63' lang='lat' dir='ltr'>sanila</span> <span class='ocrx_word' id='word_1_72' title='bbox 642 2694 789 2778; x_wconf 90' lang='lat' dir='ltr'>scriptura</span> <span class='ocrx_word' id='word_1_73' title='bbox 802 2697 942 2759; x_wconf 90' lang='lat' dir='ltr'>omnium</span> <span class='ocrx_word' id='word_1_74' title='bbox 957 2718 1036 2779; x_wconf 87' lang='lat' dir='ltr'>pene</span> <span class='ocrx_word' id='word_1_75' title='bbox 1056 2697 1190 2777; x_wconf 83' lang='lat' dir='ltr'>urbium,</span> <span class='ocrx_word' id='word_1_76' title='bbox 1211 2699 1375 2778; x_wconf 85' lang='lat' dir='ltr'>montium,</span> <span class='ocrx_word' id='word_1_77' title='bbox 1389 2698 1556 2776; x_wconf 83' lang='lat' dir='ltr'>fluminum,</span> <span class='ocrx_word' id='word_1_78' title='bbox 1626 2727 1627 2788; x_wconf 58' lang='lat' dir='ltr'>q</span> 
     </span>
     <span class='ocr_line' id='line_1_15' title="bbox 527 2784 1627 2869; baseline 0 -21"><span class='ocrx_word' id='word_1_79' title='bbox 527 2784 752 2848; x_wconf 84' lang='lat' dir='ltr'>viculorum&amp;</span> <span class='ocrx_word' id='word_1_80' title='bbox 772 2784 960 2847; x_wconf 89' lang='lat' dir='ltr'>diversorum</span> <span class='ocrx_word' id='word_1_81' title='bbox 981 2785 1130 2848; x_wconf 86' lang='lat' dir='ltr'>vocabula</span> <span class='ocrx_word' id='word_1_82' title='bbox 1150 2808 1210 2869; x_wconf 90' lang='lat' dir='ltr'>que</span> <span class='ocrx_word' id='word_1_83' title='bbox 1231 2786 1280 2849; x_wconf 87' lang='lat' dir='ltr'>vel</span> <span class='ocrx_word' id='word_1_84' title='bbox 1296 2786 1407 2850; x_wconf 90' lang='lat' dir='ltr'>eodem</span> <span class='ocrx_word' id='word_1_85' title='bbox 1420 2801 1556 2851; x_wconf 84' lang='lat' dir='ltr'>maneant</span> <span class='ocrx_word' id='word_1_86' title='bbox 1626 2789 1627 2830; x_wconf 71' lang='lat' dir='ltr'>l</span> 
     </span>
     <span class='ocr_line' id='line_1_16' title="bbox 528 2871 1627 2960; baseline 0 -24"><span class='ocrx_word' id='word_1_87' title='bbox 528 2873 577 2937; x_wconf 91' lang='lat' dir='ltr'>vel</span> <span class='ocrx_word' id='word_1_88' title='bbox 592 2874 753 2936; x_wconf 83' lang='lat' dir='ltr'>immutata</span> <span class='ocrx_word' id='word_1_89' title='bbox 765 2871 823 2936; x_wconf 87' lang='lat' dir='ltr'>lint</span> <span class='ocrx_word' id='word_1_90' title='bbox 837 2871 940 2956; x_wconf 83' lang='lat' dir='ltr'>postea</span> <span class='ocrx_word' id='word_1_91' title='bbox 953 2871 1002 2936; x_wconf 86' lang='lat' dir='ltr'>vel</span> <span class='ocrx_word' id='word_1_92' title='bbox 1017 2872 1119 2956; x_wconf 87' lang='lat' dir='ltr'>aliqua</span> <span class='ocrx_word' id='word_1_93' title='bbox 1133 2897 1170 2937; x_wconf 85' lang='lat' dir='ltr'>ex</span> <span class='ocrx_word' id='word_1_94' title='bbox 1191 2890 1276 2957; x_wconf 89' lang='lat' dir='ltr'>parte</span> <span class='ocrx_word' id='word_1_95' title='bbox 1290 2891 1446 2960; x_wconf 86' lang='lat' dir='ltr'>corrupta.</span> <span class='ocrx_word' id='word_1_96' title='bbox 1472 2875 1556 2938; x_wconf 86' lang='lat' dir='ltr'>Unde</span> <span class='ocrx_word' id='word_1_97' title='bbox 1626 2941 1627 2956; x_wconf 14' lang='grc' dir='ltr'>ἶ</span> 
     </span>
     <span class='ocr_line' id='line_1_17' title="bbox 529 2961 1555 3047; baseline 0.001 -20"><span class='ocrx_word' id='word_1_98' title='bbox 529 2963 560 3027; x_wconf 76' lang='grc' dir='ltr'>δι</span> <span class='ocrx_word' id='word_1_99' title='bbox 573 2985 630 3028; x_wconf 85' lang='lat' dir='ltr'>nos</span> <span class='ocrx_word' id='word_1_100' title='bbox 644 2961 830 3026; x_wconf 89' lang='lat' dir='ltr'>admirabilis</span> <span class='ocrx_word' id='word_1_101' title='bbox 840 2962 896 3024; x_wconf 89' lang='lat' dir='ltr'>viri</span> <span class='ocrx_word' id='word_1_102' title='bbox 909 2961 1066 3047; x_wconf 85' lang='lat' dir='ltr'>sequentes</span> <span class='ocrx_word' id='word_1_103' title='bbox 1076 2961 1218 3044; x_wconf 89' lang='lat' dir='ltr'>studium,</span> <span class='ocrx_word' id='word_1_104' title='bbox 1232 2965 1382 3027; x_wconf 70' lang='lat' dir='ltr'>formamd</span> <span class='ocrx_word' id='word_1_105' title='bbox 1394 2965 1555 3028; x_wconf 82' lang='lat' dir='ltr'>litterarum</span> 
     </span>
     <span class='ocr_line' id='line_1_18' title="bbox 530 3047 1627 3136; baseline -0.002 -22"><span class='ocrx_word' id='word_1_106' title='bbox 530 3067 563 3114; x_wconf 92' lang='lat' dir='ltr'>ut</span> <span class='ocrx_word' id='word_1_107' title='bbox 574 3049 641 3114; x_wconf 88' lang='lat' dir='ltr'>sunt</span> <span class='ocrx_word' id='word_1_108' title='bbox 652 3053 683 3113; x_wconf 94' lang='lat' dir='ltr'>in</span> <span class='ocrx_word' id='word_1_109' title='bbox 690 3071 784 3134; x_wconf 89' lang='lat' dir='ltr'>greco</span> <span class='ocrx_word' id='word_1_110' title='bbox 796 3049 889 3132; x_wconf 77' lang='lat' dir='ltr'>posita</span> <span class='ocrx_word' id='word_1_111' title='bbox 904 3047 1119 3130; x_wconf 87' lang='lat' dir='ltr'>transtulimus,</span> <span class='ocrx_word' id='word_1_112' title='bbox 1129 3049 1336 3134; x_wconf 84' lang='lat' dir='ltr'>relinquentes</span> <span class='ocrx_word' id='word_1_113' title='bbox 1350 3073 1387 3116; x_wconf 88' lang='lat' dir='ltr'>ea</span> <span class='ocrx_word' id='word_1_114' title='bbox 1397 3074 1458 3136; x_wconf 91' lang='lat' dir='ltr'>que</span> <span class='ocrx_word' id='word_1_115' title='bbox 1473 3053 1556 3136; x_wconf 79' lang='lat' dir='ltr'>digna</span> <span class='ocrx_word' id='word_1_116' title='bbox 1626 3125 1627 3130; x_wconf 8' lang='grc' dir='ltr'>γ</span> 
     </span>
     <span class='ocr_line' id='line_1_19' title="bbox 530 3138 1627 3223; baseline -0.002 -21"><span class='ocrx_word' id='word_1_117' title='bbox 530 3140 679 3203; x_wconf 85' lang='lat' dir='ltr'>memoria</span> <span class='ocrx_word' id='word_1_118' title='bbox 699 3161 762 3202; x_wconf 93' lang='lat' dir='ltr'>non</span> <span class='ocrx_word' id='word_1_119' title='bbox 785 3138 937 3216; x_wconf 82' lang='lat' dir='ltr'>videntur,</span> <span class='ocrx_word' id='word_1_120' title='bbox 958 3154 1110 3202; x_wconf 86' lang='lat' dir='ltr'>mutantes</span> <span class='ocrx_word' id='word_1_121' title='bbox 1130 3139 1161 3202; x_wconf 77' lang='lat' dir='ltr'>dr</span> <span class='ocrx_word' id='word_1_122' title='bbox 1182 3139 1335 3223; x_wconf 88' lang='lat' dir='ltr'>pleraque.</span> <span class='ocrx_word' id='word_1_123' title='bbox 1356 3140 1457 3204; x_wconf 89' lang='lat' dir='ltr'>Semel</span> <span class='ocrx_word' id='word_1_124' title='bbox 1481 3141 1554 3204; x_wconf 89' lang='lat' dir='ltr'>enirn</span> <span class='ocrx_word' id='word_1_125' title='bbox 1626 3149 1627 3174; x_wconf 64' lang='lat'><em>;</em></span> 
     </span>
    </p>
   </div>
   <div class='ocr_carea' id='block_1_11' title="bbox 526 3223 1556 3664">
    <p class='ocr_par' dir='ltr' id='par_1_11' title="bbox 526 3223 1556 3664">
     <span class='ocr_line' id='line_1_20' title="bbox 529 3223 1554 3312; baseline -0.002 -20"><span class='ocrx_word' id='word_1_126' title='bbox 529 3229 560 3292; x_wconf 77' lang='lat' dir='ltr'>dr</span> <span class='ocrx_word' id='word_1_127' title='bbox 582 3229 613 3291; x_wconf 92' lang='lat' dir='ltr'>in</span> <span class='ocrx_word' id='word_1_128' title='bbox 635 3244 811 3310; x_wconf 90' lang='lat' dir='ltr'>temporum</span> <span class='ocrx_word' id='word_1_129' title='bbox 831 3226 911 3291; x_wconf 92' lang='lat' dir='ltr'>libro</span> <span class='ocrx_word' id='word_1_130' title='bbox 927 3227 1059 3309; x_wconf 81' lang='lat' dir='ltr'>prefatus</span> <span class='ocrx_word' id='word_1_131' title='bbox 1080 3227 1144 3290; x_wconf 92' lang='lat' dir='ltr'>sum</span> <span class='ocrx_word' id='word_1_132' title='bbox 1162 3249 1212 3292; x_wconf 89' lang='lat' dir='ltr'>me</span> <span class='ocrx_word' id='word_1_133' title='bbox 1226 3227 1275 3291; x_wconf 89' lang='lat' dir='ltr'>vel</span> <span class='ocrx_word' id='word_1_134' title='bbox 1291 3229 1490 3312; x_wconf 87' lang='lat' dir='ltr'>interpretem</span> <span class='ocrx_word' id='word_1_135' title='bbox 1504 3223 1554 3291; x_wconf 85' lang='lat' dir='ltr'>effe</span> 
     </span>
     <span class='ocr_line' id='line_1_21' title="bbox 531 3309 1556 3402; baseline -0.001 -24"><span class='ocrx_word' id='word_1_136' title='bbox 531 3309 581 3381; x_wconf 75' lang='lat' dir='ltr'>iel</span> <span class='ocrx_word' id='word_1_137' title='bbox 595 3317 667 3380; x_wconf 87' lang='lat' dir='ltr'>novi</span> <span class='ocrx_word' id='word_1_138' title='bbox 683 3315 784 3398; x_wconf 86' lang='lat' dir='ltr'>operis</span> <span class='ocrx_word' id='word_1_139' title='bbox 798 3315 1003 3395; x_wconf 87' lang='lat' dir='ltr'>conditorem,</span> <span class='ocrx_word' id='word_1_140' title='bbox 1017 3317 1149 3379; x_wconf 84' lang='lat' dir='ltr'>maxime</span> <span class='ocrx_word' id='word_1_141' title='bbox 1163 3339 1237 3381; x_wconf 92' lang='lat' dir='ltr'>cum</span> <span class='ocrx_word' id='word_1_142' title='bbox 1250 3319 1376 3402; x_wconf 89' lang='lat' dir='ltr'>quidam</span> <span class='ocrx_word' id='word_1_143' title='bbox 1390 3321 1440 3382; x_wconf 87' lang='lat' dir='ltr'>vix</span> <span class='ocrx_word' id='word_1_144' title='bbox 1456 3320 1487 3382; x_wconf 87' lang='lat' dir='ltr'>in</span> <span class='ocrx_word' id='word_1_145' title='bbox 1502 3316 1556 3400; x_wconf 90' lang='lat' dir='ltr'>pri·</span> 
     </span>
     <span class='ocr_line' id='line_1_22' title="bbox 530 3403 1554 3482; baseline -0.002 -15"><span class='ocrx_word' id='word_1_146' title='bbox 530 3407 587 3469; x_wconf 86' lang='lat' dir='ltr'>mis</span> <span class='ocrx_word' id='word_1_147' title='bbox 600 3403 724 3467; x_wconf 90' lang='lat' dir='ltr'>inbutus</span> <span class='ocrx_word' id='word_1_148' title='bbox 738 3403 857 3482; x_wconf 83' lang='lat' dir='ltr'>litteris,</span> <span class='ocrx_word' id='word_1_149' title='bbox 870 3404 953 3466; x_wconf 90' lang='lat' dir='ltr'>hunc</span> <span class='ocrx_word' id='word_1_150' title='bbox 967 3403 1100 3466; x_wconf 89' lang='lat' dir='ltr'>eundem</span> <span class='ocrx_word' id='word_1_151' title='bbox 1114 3403 1227 3468; x_wconf 90' lang='lat' dir='ltr'>librum</span> <span class='ocrx_word' id='word_1_152' title='bbox 1241 3404 1328 3471; x_wconf 87' lang='lat' dir='ltr'>ausus</span> <span class='ocrx_word' id='word_1_153' title='bbox 1342 3407 1377 3470; x_wconf 81' lang='lat' dir='ltr'>stt</span> <span class='ocrx_word' id='word_1_154' title='bbox 1391 3409 1420 3470; x_wconf 89' lang='lat' dir='ltr'>in</span> <span class='ocrx_word' id='word_1_155' title='bbox 1434 3406 1554 3470; x_wconf 83' lang='lat' dir='ltr'>latinam</span> 
     </span>
     <span class='ocr_line' id='line_1_23' title="bbox 529 3490 1555 3578; baseline -0.004 -22"><span class='ocrx_word' id='word_1_156' title='bbox 529 3494 667 3576; x_wconf 88' lang='lat' dir='ltr'>linguam</span> <span class='ocrx_word' id='word_1_157' title='bbox 675 3513 738 3554; x_wconf 90' lang='lat' dir='ltr'>non</span> <span class='ocrx_word' id='word_1_158' title='bbox 748 3490 841 3554; x_wconf 87' lang='lat' dir='ltr'>latine</span> <span class='ocrx_word' id='word_1_159' title='bbox 851 3506 981 3570; x_wconf 87' lang='lat' dir='ltr'>vertere,</span> <span class='ocrx_word' id='word_1_160' title='bbox 992 3492 1078 3555; x_wconf 90' lang='lat' dir='ltr'>cuius</span> <span class='ocrx_word' id='word_1_161' title='bbox 1090 3493 1272 3576; x_wconf 86' lang='lat' dir='ltr'>imperitiam</span> <span class='ocrx_word' id='word_1_162' title='bbox 1283 3517 1321 3559; x_wconf 88' lang='lat' dir='ltr'>ex</span> <span class='ocrx_word' id='word_1_163' title='bbox 1332 3497 1555 3578; x_wconf 84' lang='lat' dir='ltr'>comparatione</span> 
     </span>
     <span class='ocr_line' id='line_1_24' title="bbox 526 3578 1556 3664; baseline -0.001 -19"><span class='ocrx_word' id='word_1_164' title='bbox 526 3602 635 3645; x_wconf 89' lang='lat' dir='ltr'>eorum</span> <span class='ocrx_word' id='word_1_165' title='bbox 658 3603 718 3664; x_wconf 91' lang='lat' dir='ltr'>que</span> <span class='ocrx_word' id='word_1_166' title='bbox 739 3578 943 3644; x_wconf 83' lang='lat' dir='ltr'>transtulimus</span> <span class='ocrx_word' id='word_1_167' title='bbox 970 3581 1102 3664; x_wconf 87' lang='lat' dir='ltr'>prudens</span> <span class='ocrx_word' id='word_1_168' title='bbox 1123 3580 1222 3646; x_wconf 85' lang='lat' dir='ltr'>statim</span> <span class='ocrx_word' id='word_1_169' title='bbox 1246 3583 1344 3648; x_wconf 69' lang='lat' dir='ltr'>lector</span> <span class='ocrx_word' id='word_1_170' title='bbox 1358 3585 1503 3647; x_wconf 77' lang='lat' dir='ltr'>inveniet</span> <span class='ocrx_word' id='word_1_171' title='bbox 1517 3581 1556 3644; x_wconf 87' lang='lat' dir='ltr'>Ur</span> 
     </span>
    </p>
   </div>
   <div class='ocr_carea' id='block_1_12' title="bbox 531 3667 1627 3756">
    <p class='ocr_par' dir='ltr' id='par_1_12' title="bbox 531 3667 1627 3756">
     <span class='ocr_line' id='line_1_25' title="bbox 531 3667 1627 3756; baseline -0.001 -23"><span class='ocrx_word' id='word_1_172' title='bbox 531 3672 614 3733; x_wconf 88' lang='lat' dir='ltr'>enim</span> <span class='ocrx_word' id='word_1_173' title='bbox 635 3670 710 3732; x_wconf 93' lang='lat' dir='ltr'>mihi</span> <span class='ocrx_word' id='word_1_174' title='bbox 728 3667 844 3732; x_wconf 89' lang='lat' dir='ltr'>excelsa</span> <span class='ocrx_word' id='word_1_175' title='bbox 864 3689 926 3732; x_wconf 91' lang='lat' dir='ltr'>non</span> <span class='ocrx_word' id='word_1_176' title='bbox 943 3669 1078 3750; x_wconf 90' lang='lat' dir='ltr'>vindico,</span> <span class='ocrx_word' id='word_1_177' title='bbox 1098 3671 1140 3734; x_wconf 88' lang='lat' dir='ltr'>ita</span> <span class='ocrx_word' id='word_1_178' title='bbox 1160 3687 1240 3736; x_wconf 89' lang='lat' dir='ltr'>terre</span> <span class='ocrx_word' id='word_1_179' title='bbox 1261 3675 1439 3737; x_wconf 85' lang='lat' dir='ltr'>coherentia</span> <span class='ocrx_word' id='word_1_180' title='bbox 1460 3672 1556 3756; x_wconf 78' lang='lat' dir='ltr'>super·</span> <span class='ocrx_word' id='word_1_181' title='bbox 1626 3717 1627 3732; x_wconf 75' lang='lat'><strong>.</strong></span> 
     </span>
    </p>
   </div>
   <div class='ocr_carea' id='block_1_13' title="bbox 529 3755 1556 4025">
    <p class='ocr_par' dir='ltr' id='par_1_13' title="bbox 529 3755 1556 4025">
     <span class='ocr_line' id='line_1_26' title="bbox 531 3755 919 3844; baseline -0.008 -21"><span class='ocrx_word' id='word_1_182' title='bbox 531 3759 617 3844; x_wconf 84' lang='lat' dir='ltr'>gredi</span> <span class='ocrx_word' id='word_1_183' title='bbox 633 3755 715 3842; x_wconf 85' lang='lat' dir='ltr'>polle</span> <span class='ocrx_word' id='word_1_184' title='bbox 730 3779 780 3821; x_wconf 89' lang='lat' dir='ltr'>me</span> <span class='ocrx_word' id='word_1_185' title='bbox 794 3757 919 3821; x_wconf 74' lang='lat' dir='ltr'>credo.e</span> 
     </span>
     <span class='ocr_line' id='line_1_27' title="bbox 572 3846 1556 3934; baseline -0.004 -22"><span class='ocrx_word' id='word_1_186' title='bbox 572 3848 623 3912; x_wconf 88' lang='lat' dir='ltr'>De</span> <span class='ocrx_word' id='word_1_187' title='bbox 638 3847 837 3912; x_wconf 87' lang='lat' dir='ltr'>Genezareth</span> <span class='ocrx_word' id='word_1_188' title='bbox 860 3847 964 3916; x_wconf 83' lang='lat' dir='ltr'>idems</span> <span class='ocrx_word' id='word_1_189' title='bbox 972 3848 1002 3912; x_wconf 91' lang='lat'>&amp;</span> <span class='ocrx_word' id='word_1_190' title='bbox 1017 3850 1186 3912; x_wconf 84' lang='lat' dir='ltr'>Aremenia</span> <span class='ocrx_word' id='word_1_191' title='bbox 1206 3851 1235 3913; x_wconf 92' lang='lat' dir='ltr'>in</span> <span class='ocrx_word' id='word_1_192' title='bbox 1251 3871 1313 3934; x_wconf 88' lang='lat' dir='ltr'>qua</span> <span class='ocrx_word' id='word_1_193' title='bbox 1327 3851 1399 3914; x_wconf 89' lang='lat' dir='ltr'>Noe</span> <span class='ocrx_word' id='word_1_194' title='bbox 1413 3870 1486 3912; x_wconf 84' lang='lat' dir='ltr'>arca</span> <span class='ocrx_word' id='word_1_195' title='bbox 1500 3846 1556 3934; x_wconf 88' lang='lat' dir='ltr'>poll</span> 
     </span>
     <span class='ocr_line' id='line_1_28' title="bbox 529 3936 1555 4025; baseline -0.003 -24"><span class='ocrx_word' id='word_1_196' title='bbox 529 3937 736 4001; x_wconf 85' lang='lat' dir='ltr'>cataclismum</span> <span class='ocrx_word' id='word_1_197' title='bbox 758 3936 918 4019; x_wconf 86' lang='lat' dir='ltr'>requievit,</span> <span class='ocrx_word' id='word_1_198' title='bbox 938 3939 1025 4001; x_wconf 90' lang='lat' dir='ltr'>cuius</span> <span class='ocrx_word' id='word_1_199' title='bbox 1047 3939 1078 4001; x_wconf 94' lang='lat' dir='ltr'>in</span> <span class='ocrx_word' id='word_1_200' title='bbox 1092 3959 1129 4002; x_wconf 87' lang='lat' dir='ltr'>ea</span> <span class='ocrx_word' id='word_1_201' title='bbox 1142 3939 1276 4023; x_wconf 85' lang='lat' dir='ltr'>vestigia,</span> <span class='ocrx_word' id='word_1_202' title='bbox 1290 3956 1324 4002; x_wconf 93' lang='lat' dir='ltr'>ut</span> <span class='ocrx_word' id='word_1_203' title='bbox 1338 3939 1388 4025; x_wconf 86' lang='lat' dir='ltr'>alij</span> <span class='ocrx_word' id='word_1_204' title='bbox 1406 3939 1522 4019; x_wconf 72' lang='lat' dir='ltr'>dicunt,</span> <span class='ocrx_word' id='word_1_205' title='bbox 1530 3939 1555 3999; x_wconf 92' lang='lat' dir='ltr'>in</span> 
     </span>
    </p>
   </div>
   <div class='ocr_carea' id='block_1_14' title="bbox 531 4023 1627 4126">
    <p class='ocr_par' dir='ltr' id='par_1_14' title="bbox 531 4023 1627 4126">
     <span class='ocr_line' id='line_1_29' title="bbox 531 4023 1627 4126; baseline 0.005 -38"><span class='ocrx_word' id='word_1_206' title='bbox 531 4026 646 4088; x_wconf 88' lang='lat' dir='ltr'>ibidem</span> <span class='ocrx_word' id='word_1_207' title='bbox 666 4024 759 4088; x_wconf 90' lang='lat' dir='ltr'>hodie</span> <span class='ocrx_word' id='word_1_208' title='bbox 780 4023 873 4108; x_wconf 87' lang='lat' dir='ltr'>usque</span> <span class='ocrx_word' id='word_1_209' title='bbox 896 4025 1014 4111; x_wconf 88' lang='lat' dir='ltr'>reliqua</span> <span class='ocrx_word' id='word_1_210' title='bbox 1033 4027 1070 4090; x_wconf 86' lang='lat' dir='ltr'>ad</span> <span class='ocrx_word' id='word_1_211' title='bbox 1092 4028 1157 4092; x_wconf 84' lang='lat' dir='ltr'>eius</span> <span class='ocrx_word' id='word_1_212' title='bbox 1175 4028 1206 4090; x_wconf 92' lang='lat' dir='ltr'>in</span> <span class='ocrx_word' id='word_1_213' title='bbox 1228 4028 1365 4113; x_wconf 86' lang='lat' dir='ltr'>posteros</span> <span class='ocrx_word' id='word_1_214' title='bbox 1383 4029 1555 4092; x_wconf 87' lang='lat' dir='ltr'>memoriam</span> <span class='ocrx_word' id='word_1_215' title='bbox 1626 4097 1627 4126; x_wconf 20' lang='grc' dir='ltr'>Ξ</span> 
     </span>
    </p>
   </div>
   <div class='ocr_carea' id='block_1_15' title="bbox 531 4175 1555 4413">
    <p class='ocr_par' dir='ltr' id='par_1_15' title="bbox 531 4175 1555 4413">
     <span class='ocr_line' id='line_1_30' title="bbox 567 4175 1555 4253; baseline 0.007 -26"><span class='ocrx_word' id='word_1_216' title='bbox 567 4194 590 4228; x_wconf 86' lang='lat' dir='ltr'>a.</span> <span class='ocrx_word' id='word_1_217' title='bbox 615 4177 639 4228; x_wconf 84' lang='lat' dir='ltr'>P.</span> <span class='ocrx_word' id='word_1_218' title='bbox 656 4175 747 4228; x_wconf 82' lang='lat' dir='ltr'>deinde</span> <span class='ocrx_word' id='word_1_219' title='bbox 771 4177 862 4246; x_wconf 68' lang='lat' dir='ltr'>alique.</span> <span class='ocrx_word' id='word_1_220' title='bbox 880 4203 914 4217; x_wconf 89' lang='lat'><em>-</em></span> <span class='ocrx_word' id='word_1_221' title='bbox 936 4179 961 4231; x_wconf 90' lang='lat' dir='ltr'>b.</span> <span class='ocrx_word' id='word_1_222' title='bbox 984 4181 1013 4232; x_wconf 99' lang='grc' dir='ltr'>Κ.</span> <span class='ocrx_word' id='word_1_223' title='bbox 1111 4196 1132 4232; x_wconf 84' lang='lat' dir='ltr'>t.</span> <span class='ocrx_word' id='word_1_224' title='bbox 1147 4181 1174 4232; x_wconf 88' lang='lat' dir='ltr'>B.</span> <span class='ocrx_word' id='word_1_225' title='bbox 1189 4181 1255 4249; x_wconf 82' lang='lat' dir='ltr'><strong>xxxj.</strong></span> <span class='ocrx_word' id='word_1_226' title='bbox 1273 4181 1313 4234; x_wconf 89' lang='lat' dir='ltr'>De</span> <span class='ocrx_word' id='word_1_227' title='bbox 1330 4179 1408 4235; x_wconf 80' lang='lat' dir='ltr'>vineis</span> <span class='ocrx_word' id='word_1_228' title='bbox 1429 4183 1453 4234; x_wconf 75' lang='grc' dir='ltr'>δι</span> <span class='ocrx_word' id='word_1_229' title='bbox 1475 4180 1555 4253; x_wconf 77' lang='lat' dir='ltr'>segetis</span> 
     </span>
     <span class='ocr_line' id='line_1_31' title="bbox 532 4257 1555 4329; baseline 0.006 -19"><span class='ocrx_word' id='word_1_230' title='bbox 532 4257 600 4310; x_wconf 86' lang='lat' dir='ltr'>fona.</span> <span class='ocrx_word' id='word_1_231' title='bbox 613 4286 649 4296; x_wconf 93' lang='lat'>—</span> <span class='ocrx_word' id='word_1_232' title='bbox 662 4273 685 4309; x_wconf 90' lang='lat' dir='ltr'>c.</span> <span class='ocrx_word' id='word_1_233' title='bbox 698 4257 740 4324; x_wconf 78' lang='lat' dir='ltr'>B.;</span> <span class='ocrx_word' id='word_1_234' title='bbox 756 4257 784 4308; x_wconf 85' lang='lat' dir='ltr'>R.</span> <span class='ocrx_word' id='word_1_235' title='bbox 797 4257 895 4328; x_wconf 72' lang='lat' dir='ltr'>dqxtro,</span> <span class='ocrx_word' id='word_1_236' title='bbox 912 4259 935 4310; x_wconf 87' lang='grc' dir='ltr'>Ρ.</span> <span class='ocrx_word' id='word_1_237' title='bbox 946 4259 1014 4329; x_wconf 74' lang='lat' dir='ltr'>deest.</span> <span class='ocrx_word' id='word_1_238' title='bbox 1075 4259 1167 4312; x_wconf 73' lang='lat' dir='ltr'>montis</span> <span class='ocrx_word' id='word_1_239' title='bbox 1175 4259 1276 4314; x_wconf 85' lang='lat' dir='ltr'>oliveti.</span> <span class='ocrx_word' id='word_1_240' title='bbox 1289 4289 1324 4300; x_wconf 90' lang='lat'>—·</span> <span class='ocrx_word' id='word_1_241' title='bbox 1333 4261 1351 4316; x_wconf 82' lang='lat' dir='ltr'>f.</span> <span class='ocrx_word' id='word_1_242' title='bbox 1361 4263 1398 4328; x_wconf 79' lang='grc' dir='ltr'>Κ,</span> <span class='ocrx_word' id='word_1_243' title='bbox 1414 4263 1441 4314; x_wconf 91' lang='grc' dir='ltr'>Κ.</span> <span class='ocrx_word' id='word_1_244' title='bbox 1461 4261 1555 4316; x_wconf 80' lang='lat' dir='ltr'>ibidem·</span> 
     </span>
     <span class='ocr_line' id='line_1_32' title="bbox 531 4335 1187 4413; baseline 0.008 -25"><span class='ocrx_word' id='word_1_245' title='bbox 531 4367 568 4379; x_wconf 88' lang='lat'>-</span> <span class='ocrx_word' id='word_1_246' title='bbox 579 4337 604 4390; x_wconf 93' lang='lat' dir='ltr'>d.</span> <span class='ocrx_word' id='word_1_247' title='bbox 618 4337 654 4401; x_wconf 82' lang='lat' dir='ltr'>P..</span> <span class='ocrx_word' id='word_1_248' title='bbox 668 4337 705 4404; x_wconf 87' lang='lat' dir='ltr'>B.‚</span> <span class='ocrx_word' id='word_1_249' title='bbox 719 4338 747 4391; x_wconf 90' lang='grc' dir='ltr'>Κ.</span> <span class='ocrx_word' id='word_1_250' title='bbox 761 4335 929 4392; x_wconf 78' lang='lat' dir='ltr'>formidinem.</span> <span class='ocrx_word' id='word_1_251' title='bbox 1077 4341 1104 4392; x_wconf 78' lang='grc' dir='ltr'>Κ.</span> <span class='ocrx_word' id='word_1_252' title='bbox 1118 4338 1187 4413; x_wconf 80' lang='lat' dir='ltr'>deest.</span> 
     </span>
    </p>
   </div>
   <div class='ocr_carea' id='block_1_16' title="bbox 0 0 1652 5700">
    <p class='ocr_par' dir='ltr' id='par_1_16' title="bbox 0 0 1652 5700">
     <span class='ocr_line' id='line_1_33' title="bbox 0 0 1652 5700; baseline 0 0"><span class='ocrx_word' id='word_1_253' title='bbox 0 0 1652 5700; x_wconf 95' lang='lat' dir='ltr'> </span> 
     </span>
    </p>
   </div>
  </div>
 </body>
</html>
