3296 5700
409 545 461 598 DE
486 547 591 600 Locis
616 546 785 600 SANCTIS.
1048 546 1114 627 233

69 769 213 840 versum
229 767 373 842 eiusdem
386 770 495 842 sanele
504 769 620 842 Crucis
635 771 774 870 lignum.
793 773 865 844 Hec
878 769 977 844 tribus
993 795 1122 846 tantum

69 901 141 972 per
164 901 292 950 annum
317 875 442 968 diebus,
464 877 530 948 hoc
555 878 599 950 est
620 879 654 950 in
677 905 759 951 cena
780 880 930 970 Domini,
950 881 983 950 in
1014 879 1121 974 paras·

70 1008 164 1054 ceve
191 986 226 1056 ἃ
253 985 288 1054 in
313 982 448 1056 sabbato
472 985 585 1056 santllo
610 986 738 1083 populo
758 985 928 1058 adoranda
946 987 1120 1083 profertur:

72 1116 226 1185 quarum
245 1090 351 1187 prima
368 1092 464 1187 capsa
479 1093 572 1190 lirper
587 1093 688 1165 altare
704 1111 870 1184 aureum,⁰
887 1094 971 1165 duos
992 1089 1120 1164 cubitos

71 1197 262 1269 altitudinis
279 1200 314 1270 ἃ
332 1224 436 1268 unum
452 1197 628 1270 latitudinis
645 1197 778 1288 habens,
796 1226 872 1272 cum
885 1201 994 1272 Cruce
1010 1201 1119 1270 sancia

72 1306 248 1402 patefadla
277 1307 500 1402 componitur,
515 1305 528 1352 ⁶
544 1304 768 1402 accedensque
785 1309 907 1404 primus
928 1308 1119 1402 imperator,

74 1409 206 1484 deinde
232 1417 368 1484 cunclus
393 1437 452 1508 per
478 1411 630 1484 ordinem
656 1413 814 1484 laicorum
833 1411 954 1510 gradus
974 1413 1118 1484 landam

74 1517 229 1590 Crucem
253 1517 371 1591 adorat
391 1522 426 1590 ἃ
446 1520 618 1610 osculatur,
637 1519 784 1614 sequenti
809 1519 861 1590 die
877 1520 1064 1616 imperatrix
1084 1520 1119 1590 ἃ

74 1651 200 1696 omnes
221 1651 374 1698 matrone
394 1624 448 1696 vel
466 1627 609 1723 virgines
629 1623 722 1697 idem
738 1625 871 1718 faciunt,
888 1627 982 1697 tertio
1001 1624 1119 1696 nihilo·

75 1734 192 1804 minus
219 1731 273 1804 die
298 1733 444 1830 episcopi
469 1735 504 1804 &
529 1734 638 1804 concii
665 1733 858 1803 clericorum
885 1731 1005 1829 gradus
1029 1729 1119 1803 idem

76 1841 219 1932 faciunt,
240 1843 276 1911 ἃ
300 1837 343 1910 fic
362 1841 458 1935 capsa
481 1840 602 1912 reclusa
623 1838 666 1912 ad
688 1840 781 1935 supra
800 1839 924 1912 dislum
944 1840 1120 1909 armarium

76 1971 277 2045 reportatur.
303 1945 475 2042 Quamdiu
496 1970 606 2018 autem
628 1946 721 2044 super
743 1946 843 2017 altare
868 1969 980 2016 manet
996 1968 1119 2040 aperta,

77 2078 188 2125 totam
206 2051 374 2126 ecclesiam
397 2054 496 2124 mirus
519 2053 606 2124 odor
630 2051 805 2149 perfundit.
829 2053 880 2124 De
898 2049 1014 2122 nodis‘
1030 2052 1119 2122 enim

77 2161 164 2260 ligni
181 2161 282 2233 sancii
308 2160 417 2256 liquor
433 2160 580 2232 odoriser
606 2161 682 2231 oleo
701 2158 807 2230 similis
824 2156 968 2256 profluit,
991 2155 1118 2228 cuiusfi

77 2269 180 2337 etiam
215 2266 330 2362 aliquis
357 2265 526 2340 invalensd
547 2265 739 2362 particulam
769 2266 953 2364 contingat,
983 2291 1118 2336 omnem

77 2372 301 2470 egritudinem
319 2374 418 2446 sanat.

462 2613 545 2684 ΧΧΙ.
571 2617 734 2708 Epilogus.

127 2755 205 2826 l·lec
228 2753 271 2826 de
292 2755 374 2826 locis
396 2755 523 2844 sanslis,
545 2780 645 2852 prout
658 2751 771 2852 pomi,
795 2755 896 2826 sidem
913 2756 1117 2830 historiarum

82 2859 211 2932 secutus
234 2863 379 2958 exposui,
400 2864 435 2933 &
457 2864 600 2936 maxime
624 2863 761 2935 didatus
785 2863 918 2955 Artulfi,
936 2863 1119 2934 Galliarum

81 2968 241 3064 episcopi,
259 2993 323 3062 que
340 2968 564 3040 eruditissimus
583 2972 618 3042 in
636 2971 797 3066 scripturis
815 2967 980 3066 presbyter
994 2968 1118 3040 Adam·

82 3099 199 3164 nanus,
222 3073 344 3146 latino‘
367 3076 518 3148 sermone
546 3075 741 3166 describens,
769 3073 868 3148 tribus
890 3074 1005 3148 libellis
1027 3102 1118 3148 corn·

84 3179 267 3274 prehendit.
293 3180 461 3278 Siquidem
479 3207 680 3254 memoratus
696 3185 835 3273 antistes,
854 3180 1010 3253 defiderio
1027 3183 1120 3254 loco·

84 3313 155 3357 rum
172 3288 361 3359 sanslorum
378 3290 518 3384 patriam
537 3287 715 3379 deserens!
736 3313 855 3359 terram
867 3287 1121 3384 repromissionis

85 3391 203 3486 adiiqr
229 3394 356 3490 aliquot
389 3391 551 3467 mensibus
582 3393 817 3486 Hierosolymis
851 3392 1039 3465 demoratus
1067 3397 1121 3488 est,

84 3493 308 3596 veteranoque
320 3499 500 3591 monacho,
518 3503 655 3573 nomine
668 3502 770 3590 Petro,
784 3498 869 3572 duce
885 3502 1006 3598 pariter
1021 3526 1119 3597 atque

85 3606 262 3704 interprete
291 3609 384 3699 usus,
411 3614 529 3681 cundia
557 3611 590 3680 in
620 3609 754 3679 circuitu
789 3633 854 3702 que
886 3606 1120 3682 defideraverat

82 3711 193 3784 vivida
204 3714 217 3758 ⁴
229 3714 411 3786 intentione
425 3714 575 3802 lustravit,
589 3739 721 3784 necnon
732 3712 973 3804 Alexandriam,
983 3713 1119 3788 Damas·

85 3841 172 3908 cum,
195 3819 523 3917 Constantinopolim
540 3821 748 3916 Siciliamque
762 3823 930 3916 percurrit.
958 3822 1022 3893 Sed
1044 3847 1119 3893 cum

85 3927 224 4020 patriam
240 3927 374 4000 revisere
388 3926 495 4017 vellet,
508 3927 609 4019 navis,
628 3952 694 4023 qua
704 3925 892 4018 vehebatur,
910 3927 981 4023 post
999 3929 1120 4000 multos

117 4093 141 4128 a.
165 4079 208 4129 Ph.
224 4094 327 4130 aureum
350 4079 453 4148 deest.-
477 4079 502 4130 b.
525 4079 567 4130 Pb.
631 4095 651 4130 e.
677 4078 717 4130 Pb.
742 4077 858 4146 presbiter
885 4078 1020 4130 adornatus
1042 4079 1119 4130 latino

85 4153 245 4209 habercruce
258 4173 316 4210 cum
329 4157 403 4227 capsa
414 4156 568 4226 patefactae.
630 4158 656 4222 s.,
681 4156 717 4209 al.
743 4155 868 4208 lacinioso.
890 4185 922 4196 —
947 4157 963 4208 f.
989 4157 1027 4208 Al.
1050 4159 1118 4210 dese-

86 4261 117 4272 -
132 4253 154 4288 c.
175 4236 214 4288 Al.
229 4235 310 4303 nobis,
323 4237 404 4290 donis.
414 4266 448 4276 -
461 4237 485 4289 d.
502 4235 569 4290 ‘l'an-
631 4253 697 4289 rens.
709 4267 745 4275 —
753 4253 778 4305 g.
791 4237 832 4288 Pb.
845 4249 936 4288 tertam
950 4254 968 4289 r.
979 4237 1040 4288 adiit
1050 4238 1118 4307 deest.

86 4322 133 4364 lum
148 4316 189 4368 Pb.
213 4315 300 4368 ultima
316 4319 363 4368 duo
380 4316 513 4368 vocabula.
534 4346 568 4354 -
631 4347 665 4354 -
683 4317 706 4368 b.
728 4317 767 4368 As.
784 4317 866 4380 avida,
879 4315 960 4366 aiuda.

938 4466 968 4516 30
