3390 5720
504 553 551 622 70
909 547 1146 600 rneouosrus

504 761 614 835 Sed&
627 765 715 836 iuxta
727 764 927 854 Bethlehem,
945 765 989 835 ait
1003 763 1252 854 Hieronymusf'
1262 763 1376 835 locum
1389 763 1465 856 esse,
1482 763 1545 836 ubi

504 870 558 943 vel
575 870 769 968 angelorum
794 897 874 970 grex
891 873 926 941 in
951 863 1181 944 ortu'Domini
1206 872 1336 964 cecinit,
1358 871 1411 944 vel
1438 869 1545 944 Iacob

503 1002 622 1076 greges
639 978 712 1048 suos
730 980 831 1074 pavit,
850 1002 918 1073 quo
936 980 970 1049 in
987 974 1115 1076 signum
1129 976 1313 1048 futurorum
1326 975 1423 1049 Iacob
1439 981 1548 1051 erexit

296 1099 374 1148 ‘rum
389 1101 460 1148 nter.
504 1090 611 1156 turrim
620 1089 711 1156 older
719 1109 775 1156 aut
784 1088 897 1156 turrim
908 1085 1028 1184 gregis,
1041 1079 1096 1155 ubi
1106 1081 1220 1154 dicunt
1231 1083 1369 1156 Hebreis
1378 1086 1548 1183 templum

505 1189 695 1262 edificatum
711 1188 784 1263 esse.
812 1189 913 1289 Qrasr
931 1188 1079 1286 quodam
1097 1190 1253 1262 vaticinio
1280 1189 1367 1264 dieta
1388 1189 1424 1262 fit
1446 1194 1548 1263 turris

505 1299 773 1396 congregationis
791 1300 897 1370 future
916 1296 958 1368 ad
976 1297 1148 1393 templum.

310 1405 472 1518 2}ssng
553 1403 608 1476 nd
625 1405 690 1475 hoc
709 1406 949 1501 estsepulcrum,
967 1405 1088 1499 inquo
1107 1404 1252 1477 curavit⁶
1274 1405 1388 1502 loseph
1406 1406 1550 1503 sepelire

294 1486 308 1532 p
474 1505 479 1516 ’
503 1517 610 1583 Iacob:
636 1511 728 1607 quod
746 1516 986 1585 abrahemium
1003 1510 1118 1582 dicunt
1135 1510 1254 1584 distans
1272 1538 1292 1583 a
1310 1512 1463 1584 calvaria
1480 1539 1549 1609 per

505 1620 638 1717 triginta
653 1620 809 1690 milliaria.
837 1619 928 1690 Cura
943 1620 1032 1689 enim
1045 1618 1106 1688 fuit
1118 1619 1234 1691 sanetis
1251 1619 1376 1716 sepeliri
1394 1621 1427 1690 in
1443 1644 1549 1710 terra,

504 1728 539 1795 in
557 1751 622 1822 qua
639 1725 783 1799 scribunt
802 1725 968 1798 Christum
988 1725 1248 1820 resurresturum,
1269 1750 1304 1798 ut
1326 1749 1403 1797 cum
1426 1751 1468 1798 eo
1491 1754 1549 1799 re·

503 1832 698 1930 surgerent.)

293 1959 338 2006 uui
357 1957 472 2034 Pniuppn
552 1940 636 2011 XXl.
662 1945 694 2009 Α
712 1938 881 2012 Ierusalem
899 1939 1022 2035 usqued
1039 1943 1091 2010 ubi
1113 1943 1279 2036 baptizavit
1302 1943 1465 2036 Philippus
1488 1971 1547 2014 eu-

324 2022 450 2086 ulm'n'
503 2053 638 2138 uucsrum,
656 2047 804 2118 milliaria
821 2045 973 2118 sedecim.
1000 2043 1078 2117 lnde
1104 2047 1265 2144 usquead
1287 2044 1548 2140 Terebinthum,

503 2180 568 2251 que
595 2153 778 2250 appellatur
804 2158 865 2224 ilex
889 2157 1050 2243 Mambre,
1077 2153 1225 2226 milliaria
1250 2153 1331 2228 duo;
1368 2157 1421 2226 De
1436 2156 1546 2228 Tere-

291 2271 403 2334 sudum²
421 2275 462 2320 du·
502 2259 620 2332 bintho
639 2259 799 2356 usquead
812 2263 988 2357 speluncam
1006 2265 1165 2357 duplicem,
1185 2259 1240 2333 ubi
1256 2263 1461 2359 requiescunt
1478 2289 1546 2360 pa·

503 2367 811 2456 murmurantium
827 2391 977 2462 quatuor.
1004 2369 1056 2439 De
1073 2368 1227 2463 spelunca
1243 2368 1367 2467 duplici
1383 2369 1488 2465 usque
1506 2373 1546 2442 in

504 2471 643 2545 Hebron
661 2473 808 2545 milliaria
826 2472 905 2546 duo.
932 2472 979 2546 lbi
996 2472 1152 2546 habitavit
1165 2474 1275 2547 David
1290 2477 1415 2573 septem
1427 2479 1545 2570 annis,

505 2579 640 2679 quando
659 2580 743 2678 fugit
759 2607 779 2652 a
794 2580 879 2653 Saul.

296 2699 442 2808 Puggfigum
552 2688 649 2760 XXll.
675 2691 820 2785 Aporta
837 2685 942 2760 urbis‘
959 2689 1059 2785 usque
1085 2694 1136 2760 ubi
1155 2695 1310 2785 pugnauit
1337 2695 1442 2762 Dauid
1472 2721 1546 2764 cum

348 2334 406 2396 plen

506 2799 600 2871 Golia
615 2798 650 2866 in
668 2819 784 2868 monte
801 2794 983 2892 Berbusuus
995 2822 1059 2892 que
1070 2797 1298 2895 interpretatur
1316 2796 1482 2890 lucernae

295 2907 483 2974 Fleuthmuffl·
553 2906 605 2975 De
622 2902 778 2975 Bethasan
797 2904 898 2999 usque
913 2906 1169 2998 Eleutheropolim
1188 2903 1288 2974 millia
1308 2906 1487 3002 quinque!

295 3013 459 3074 Snukms·
551 3008 605 3083 Ab
622 3009 862 3106 Eleutheropoli
874 3009 975 3106 usque
989 3013 1024 3082 in
1037 3010 1161 3104 locum,
1175 3014 1225 3082 ubi
1241 3016 1319 3082 incer
1321 3017 1450 3108 sendus
1468 3019 1546 3086 Za·
1693 2973 1694 2978 γ

294 3075 445 3187 miii?
503 3126 634 3209 charius,
652 3117 754 3188 millia
770 3117 833 3206 sex,
851 3120 886 3189 δι
902 3115 945 3189 de
960 3117 1031 3214 ipso
1048 3117 1126 3188 loco
1152 3117 1253 3214 usque
1275 3117 1318 3190 ad
1344 3122 1545 3216 assensorem

503 3226 604 3297 millia
621 3225 747 3323 viginti.

295 3339 367 3388 om.
551 3332 659 3404 XXlll.
679 3331 907 3403 DeAscalona
920 3328 1075 3427 usquead
1089 3330 1546 3426 Garumnrilliaduodecim.⁸'

504 3445 588 3511 lnter
604 3437 801 3510 Ascalonem
818 3441 853 3510 δι
870 3440 999 3510 Gazam
1016 3439 1162 3511 civitates
1182 3437 1259 3530 due,
1282 3436 1391 3531 idest,
1416 3445 1546 3512 esurio-
1692 3471 1693 3524 r

501 3551 581 3618 noda
600 3548 635 3616 ὅ(
653 3547 816 3618 Maioma.
846 3550 877 3617 Α
893 3547 988 3617 Gaza
1004 3545 1129 3616 circiter
1149 3547 1295 3642 quinque
1320 3543 1468 3617 milliaria
1493 3549 1546 3620 est

501 3649 669 3741 Tolumni
684 3653 774 3725 vicus
792 3650 836 3722 ad
852 3651 991 3723 austrum
1007 3648 1092 3744 fitus,
1110 3677 1149 3724 ex
1166 3676 1235 3748 quo
1252 3675 1342 3723 ortus
1359 3651 1404 3723 est
1420 3650 1545 3727 batus

360 3761 388 3810 ¹³*
502 3761 683 3833 Hilarion*
700 3761 753 3832 De
783 3761 877 3833 Gaza
905 3760 1006 3856 usque
1033 3757 1076 3832 ad
1102 3765 1255 3856 &ephsam
1287 3759 1389 3832 millia
1416 3761 1545 3858 viginti

535 4055 557 4091 a.
577 4040 650 4104 Luv,
664 4037 782 4091 Ieremias
804 4040 833 4093 L.
855 4065 889 4078 -·
908 4037 933 4090 b.
948 4035 985 4089 Sr'c
1081 4035 1098 4088 s.
1129 4038 1156 4090 P.
1178 4037 1296 4102 Bueana,
1323 4037 1349 4088 V.
1375 4035 1483 4104 Bizima,
1508 4043 1542 4094 L.

499 4135 558 4187 rgo,
582 4121 619 4184 L.‚
632 4120 696 4171 Lov.
711 4117 810 4171 furavit.
829 4147 863 4158 -
882 4135 905 4169 c.
921 4115 983 4170 ΜΠ.
1046 4116 1159 4182 Bezima,
1179 4119 1243 4171 Lov.
1266 4114 1359 4171 Birma
1381 4147 1413 4158 -
1435 4135 1461 4187 g.
1480 4120 1544 4174 Sine

499 4198 680 4268 Abraymium.
695 4227 727 4237 -
749 4199 776 4250 d.
796 4198 823 4249 V.
837 4197 870 4249 ed
883 4195 982 4267 piscina.
1044 4195 1135 4250 dumis
1147 4215 1203 4250 voc.
1225 4200 1262 4263 L,
1286 4199 1349 4250 lov.
1365 4227 1398 4238 -
1417 4197 1442 4250 h.
1460 4199 1540 4254 Alias

499 4307 533 4318 -
546 4295 570 4330 e.
583 4280 622 4347 L,
636 4281 700 4332 lov.
712 4287 807 4331 mrum
816 4277 891 4329 habu
901 4287 983 4348 porte,
1042 4291 1087 4330 zu.
1106 4305 1140 4318 -
1158 4277 1175 4330 i.
1196 4280 1223 4331 L.
1244 4293 1330 4345 min,
1344 4279 1408 4331 lov.
1422 4295 1536 4336 mun.

500 4359 527 4409 Ρ.
551 4367 625 4426 portu
644 4355 752 4426 Burgus,
779 4357 804 4408 V.
825 4368 898 4425 porta
919 4357 983 4409 Bur·
1046 4356 1303 4424 -1.L.Th2lurlta.
1328 4387 1360 4397 -
1375 4358 1400 4410 k.
1420 4360 1449 4413 L.
1466 4360 1536 4414 Y'la·

497 4436 562 4506 glua.
1044 4433 1107 4504 ridij.
