3296 5700
451 550 650 605 BERNARDI
676 548 868 602 uonncuu
1097 547 1169 628 3¹9

129 801 207 874 ego
229 799 307 847 vero
323 790 338 820 ⁴
357 773 469 870 postea
485 773 583 846 veni*
602 771 646 845 ad
670 777 693 842 S
695 777 810 843 undum
825 771 1020 842 michaelem
1038 771 1078 837 ad
1094 771 1171 838 duas

130 888 283 974 lumbus,
309 882 365 978 qui
385 880 477 951 locus
502 879 547 952 est
571 878 643 952 fitus
664 880 697 950 in
719 903 844 967 monte,
871 879 929 974 qui
943 873 1120 972 porrigitur
1135 873 1170 942 in

131 1015 233 1062 mare
252 1013 309 1084 per
330 985 411 1058 duas
429 988 569 1058 leucas!
596 991 628 1057 ln
645 987 830 1056 summitate
846 982 963 1055 cuiusd
972 981 1094 1054 montis
1126 979 1171 1051 est

130 1094 273 1169 ecclefia
296 1097 335 1186 ,in
361 1095 489 1166 honore
510 1095 611 1166 seneli
628 1093 802 1183 Michaelis,
819 1094 854 1162 &
879 1093 912 1162 in
937 1090 1070 1160 circuitu
1089 1085 1171 1158 illius

131 1204 264 1275 montis
292 1199 454 1273 redundat
473 1219 483 1246 ²
500 1227 588 1273 mare
614 1199 736 1272 cotidie
762 1198 888 1272 duabus
908 1196 1043 1288 vicibus,
1068 1192 1171 1266 idest

131 1335 238 1381 mane
251 1313 286 1382 &
298 1312 439 1407 vespere,
456 1313 491 1381 ἃ
504 1335 573 1380 non
587 1307 722 1406 poliunt
738 1307 888 1378 homines
905 1304 996 1377 adire
1009 1326 1170 1389 montem,

130 1413 250 1488 donec
275 1443 364 1489 mare
389 1415 559 1488 recesserit.
567 1415 590 1479 f
610 1421 644 1486 ln
668 1415 838 1488 festivitate
863 1438 973 1485 autem
991 1410 1092 1482 santii
1113 1408 1171 1478 Mi-

131 1523 261 1594 chaelis
276 1524 487 1622 coniungitur
504 1549 593 1595 mare
610 1523 643 1594 in
657 1520 874 1593 redundando
888 1521 922 1590 in
938 1518 1071 1590 circuitu
1088 1514 1171 1586 illius

133 1632 274 1720 moncia,
300 1631 354 1702 sed
372 1631 432 1702 stat
452 1628 520 1701 adl
532 1630 627 1700 instar
643 1655 813 1701 murorum
829 1655 849 1699 a
870 1626 988 1698 dextris
1004 1627 1039 1695 ἀ
1053 1651 1072 1696 a
1084 1621 1171 1693 sinis·

132 1739 200 1810 tris.
226 1737 262 1810 Et
277 1739 312 1809 in
328 1739 397 1834 ipl'a
421 1735 474 1808 die
494 1736 655 1834 solempni
670 1734 807 1833 poliunt
825 1759 942 1806 omnes
970 1733 1171 1826 quicumque

133 1843 178 1915 ad
211 1847 396 1915 orationem
427 1845 586 1935 venerint,
603 1841 757 1916 omnibus
783 1842 871 1913 horis
895 1839 984 1911 adire
1009 1861 1170 1928 montem,

133 1950 233 2046 quod
260 1977 370 2023 tamen
399 1951 467 2022 aliis
492 1976 560 2022 non
579 1949 712 2047 possunt
730 1947 879 2021 diebusss
901 1945 947 2018 lbi
970 1947 978 1992 ἕ
1002 1946 1046 2016 est
1069 1942 1170 2017 abbas

133 2055 399 2129 Phinimontiusi
414 2058 509 2127 Brito

184 2165 296 2237 XXlll.
322 2163 474 2237 Tandem
502 2188 567 2260 ego
593 2163 697 2234 dico*
718 2159 824 2253 vobis,
854 2159 1029 2257 quomodo
1058 2181 1170 2229 tenent

135 2271 316 2342 Christiani
336 2271 446 2370 legem
471 2271 535 2341 Dei
556 2267 619 2341 sive
642 2272 676 2342 in
702 2270 874 2364 Ierusalem,
899 2264 1015 2340 sivein
1040 2271 1169 2360 Egypro.

136 2379 316 2450 Christiani
330 2401 441 2448 autem
457 2376 514 2447 ¹&
530 2377 652 2475 pagani
664 2375 791 2447 talem*
809 2399 928 2470 pacem
946 2376 1028 2445 inter
1042 2373 1074 2443 se
1087 2370 1170 2468 posi-

136 2508 206 2556 tam
229 2481 351 2556 habent
365 2482 420 2571 ibi,
439 2507 475 2553 ut
485 2499 498 2527 '¹
510 2479 531 2552 st
545 2486 606 2554 iter
621 2508 754 2580 agerem
764 2484 847 2553 &in
863 2483 976 2553 itinere
991 2481 1062 2577 ipso
1083 2503 1170 2550 mor-

137 2615 209 2663 tuus
230 2592 327 2663 fuerit
342 2617 433 2663 meus
452 2589 595 2661 camelus
611 2606 687 2660 aut⁰
704 2587 819 2681 afinus,
845 2590 902 2685 qui
919 2613 1029 2659 meam
1045 2608 1171 2686 gereret

134 2723 375 2798 paupertatem,
392 2701 428 2770 ἃ
444 2695 489 2769 ibi
510 2697 727 2793 relinquerem
739 2699 854 2768 omnia
865 2723 939 2768 mea
952 2692 1017 2767 stne
1038 2691 1171 2765 custode

136 2809 171 2878 &
187 2809 283 2878 ierim
300 2805 342 2878 ad
360 2807 526 2879 civitatem
539 2828 674 2902 propter
688 2819 706 2869 r
721 2805 832 2897 aliurn,
855 2829 920 2902 ego
939 2828 1016 2874 cum
1032 2800 1171 2892 rediero,

136 2913 253 2984 omnia
270 2938 344 2984 mea
355 2911 442 2983 illesa
458 2912 640 3004 inveniam3
662 2913 733 2982 talis
749 2937 813 3008 pax
825 2911 870 2982 est
882 2906 936 2982 ibi.
953 2913 998 2980 At
1011 2905 1033 2978 st
1044 2910 1079 2979 in
1093 2909 1170 2980 civi·

137 3043 202 3092 tate
219 3045 278 3091 aut
296 3019 329 3090 in
346 3041 453 3116 ponto
470 3043 527 3089 aut
547 3019 580 3087 in
597 3019 711 3088 itinere
728 3017 841 3113 aliquo
858 3016 1042 3090 invenerint
1064 3015 1171 3086 homi-

137 3145 240 3196 neme
261 3122 486 3197 ambulantem
502 3150 562 3222 per
579 3127 713 3195 noctem
730 3122 894 3195 ueletiam
908 3149 968 3220 per
984 3121 1085 3214 diem,
1102 3149 1171 3196 non

137 3229 315 3305 habentem
332 3232 489 3303 cartulam
511 3231 656 3326 aliquam
673 3257 729 3302 aut
745 3229 884 3330 sigillum
905 3230 1064 3302 ralicuius
1088 3229 1172 3326 regis

137 3337 190 3408 vel
207 3340 364 3436 principis
381 3361 464 3409 terre
484 3337 578 3428 illius,
595 3337 683 3408 illico
699 3336 827 3410 iubemr
843 3335 966 3410 recludi
989 3352 999 3382 ⁸
1013 3337 1048 3406 in
1065 3360 1171 3407 carce·

138 3470 217 3539 rem,
234 3444 349 3543 quoad
362 3445 462 3540 usque
477 3445 587 3516 veniat
602 3442 682 3536 dies,
702 3456 710 3489 ²
726 3470 794 3540 quo
812 3443 908 3541 pollit
924 3439 1059 3514 reddere
1072 3444 1170 3514 ratio·

141 3575 216 3623 nem
235 3577 345 3623 utrum
362 3548 398 3621 fit
415 3549 612 3647 explorator,
630 3572 687 3620 aut
703 3550 766 3622 tale
783 3547 916 3647 aliquid.

186 3659 304 3732 XXIV.
329 3664 531 3730 Beneventani
554 3658 740 3755 principem
770 3658 863 3729 suum
891 3655 1083 3731 Sichardum
1111 3679 1170 3751 per
1182 3672 1344 3718 Beneventum·

172 3920 196 3956 a.
211 3905 239 3958 L.
256 3901 370 3956 enim—
380 3903 404 3954 b.
416 3901 463 3954 Ioco
477 3900 502 3952 in
515 3899 569 3953 hac.
582 3939 589 3952 .
600 3938 623 3952 ..
684 3905 704 3970 j.
717 3905 744 3956 L.
757 3899 940 3956 Phinmontius.
955 3929 987 3940 -
1001 3901 1026 3952 k.
1036 3899 1094 3952 dico
1108 3902 1132 3950 d.
1145 3899 1170 3949 in

140 3983 193 4035 vmi
212 3984 291 4036 habet
312 3984 351 4034 M.
369 3981 426 4033 inde
442 3991 571 4032 venerunt.
590 4008 624 4018 -
687 3983 724 4048 L.‚
741 3983 767 4034 V.
783 4013 818 4021 -
835 3982 850 4034 l.
864 3992 949 4033 autem
965 3981 990 4031 d.
1004 3978 1029 4032 in
1042 3980 1078 4044 L,
1094 3978 1122 4030 7.
1135 4005 1170 4016 -

141 4078 163 4114 c.
178 4063 205 4114 V.
219 4061 314 4130 leugas.
324 4090 358 4100 -
371 4059 398 4110 d.
417 4060 455 4111 M.
464 4062 489 4110 d.
498 4057 577 4110 cuius.
591 4086 623 4097 -
687 4079 720 4115 m.
734 4061 810 4114 talem
823 4064 848 4113 d.
861 4060 887 4114 in
897 4061 934 4127 L.,
947 4061 977 4113 V.
994 4088 1026 4098 -
1041 4073 1066 4110 n.
1079 4059 1106 4110 1„
1117 4056 1169 4108 ubi.

143 4159 161 4192 e.
177 4141 201 4192 L.
215 4141 379 4193 redundetur.
398 4169 434 4178 -
453 4137 471 4190 l.
485 4140 522 4192 Μ.
538 4136 626 4190 disces·
688 4171 722 4183 ·-
734 4160 758 4194 o.
774 4144 802 4195 L.
814 4153 908 4194 autem.
919 4167 947 4178 -
962 4157 986 4208 p.
1001 4139 1027 4189 1„
1040 4153 1126 4207 prope.
1136 4165 1168 4176 -

143 4219 202 4273 serit.
217 4251 250 4261 —
262 4221 328 4290 gad
338 4222 363 4271 d.
372 4219 397 4271 in
406 4221 444 4273 Μ.
457 4217 519 4268 -h.
531 4219 626 4271 catera
687 4241 714 4292 q.
726 4223 822 4274 Lada.
831 4219 1018 4288 aliquem-r.
1030 4219 1055 4270 F.
1066 4215 1169 4284 lignum.

143 4301 217 4354 mia
230 4301 320 4369 desunt
332 4299 358 4351 in
367 4301 405 4352 M·
418 4328 454 4338 —
466 4297 482 4350 i.
496 4299 522 4350 F.
531 4296 582 4348 ubi·
591 4323 626 4334 -
689 4331 721 4342 -
736 4320 754 4353 s.
770 4303 795 4353 F.
807 4299 942 4353 recudi·
958 4309 977 4350 t.
987 4299 1014 4350 F.
1027 4307 1133 4370 tempus.
