3390 5720
448 593 498 646 DE
520 594 624 646 LOCIS
646 594 813 647 SANCTIS.
1081 602 1140 649 111

208 835 345 908 XXXV.
371 841 594 909 Xenodochium
610 842 644 907 S.
662 841 806 932 Georgis,
827 843 961 910 homines
976 846 1044 935 tofi.

161 1019 403 1092 Proficiscentes
432 1021 474 1093 de
507 1025 637 1095 civitate
667 1024 743 1095 Elua
771 1025 960 1104 intravimus
989 1050 1145 1097 eremum.

114 1126 266 1197 Milliatio
292 1126 449 1226 vigesimo
467 1131 510 1200 est
530 1129 576 1202 ibi
599 1131 773 1222 casttunr,⁰
793 1126 849 1201 ubi
870 1133 914 1201 est
934 1135 1146 1202 xenodochium

114 1238 219 1304 sancii
239 1233 405 1330 Georgis,⁶
421 1237 454 1305 in
473 1262 541 1332 quo
559 1236 682 1309 habent
696 1239 860 1335 refugium
879 1239 1076 1310 transeuntes
1095 1238 1149 1311 vel

113 1342 254 1412 eremite
277 1341 444 1438 stipendia.
476 1342 554 1414 Inde
582 1345 739 1416 intrantes
769 1345 959 1416 interiorem
987 1370 1148 1434 eternum,

114 1449 264 1520 venimus
295 1448 337 1519 ad
358 1449 484 1540 locum,
508 1449 551 1521 de
576 1475 643 1546 quo
672 1449 791 1522 dicitur
814 1452 848 1522 in
868 1451 1010 1522 Psalmo:
1040 1455 1148 1546 Posuit

113 1581 222 1626 tertam
240 1560 441 1648 srut‘sifetam
455 1563 486 1628 in
497 1560 687 1653 salsuginem
702 1587 720 1628 a
735 1561 857 1629 malitia
875 1562 1104 1630 inhabitantium
1116 1565 1147 1629 in

115 1692 159 1732 ea.
188 1660 235 1734 lbi
260 1661 403 1734 vidimus
430 1663 580 1736 homines
607 1665 713 1736 rasos‘
730 1691 806 1736 cum
829 1665 960 1736 camelis
987 1665 1148 1762 fugientes

115 1794 186 1858 nos,
217 1772 253 1840 ὅ(
279 1771 314 1839 in
339 1769 571 1862 Hierosolyma
599 1770 740 1843 vidimus
761 1771 912 1843 homines
934 1797 974 1844 ex
1000 1770 1148 1868 Ethiopia

116 1875 261 1974 caligulis
280 1877 453 1966 calceatos,
475 1875 632 1950 habentes
659 1875 742 1950 fissas
759 1905 851 1950 nares
868 1881 903 1949 δι
917 1903 1020 1969 autes,
1037 1880 1072 1947 ἀ
1090 1903 1149 1974 ρετ

117 1981 236 2080 digitos
254 1986 291 2054 δι
308 1980 409 2080 pedes
426 1984 566 2055 annulos
584 1981 706 2056 ntissos.
725 1987 1016 2083 interrogavimus:
1035 1985 1148 2082 Quare

115 2087 155 2158 stc
167 2093 180 2160 Ρ
191 2091 367 2162 Dixerunt:
376 2091 467 2188 Quia
476 2093 647 2185 Traianus,
656 2093 836 2190 imperator
849 2088 1149 2188 romanus,stgnum

118 2195 180 2266 hoc
197 2195 296 2269 nobis
313 2197 453 2292 reliquit.

481 2437 628 2510 XXXVI.
652 2443 785 2509 litemus.

165 2623 382 2698 Ambulantes
394 2650 453 2721 pet
465 2654 592 2696 eternum
605 2623 675 2696 dies
687 2624 750 2715 sex,
765 2624 897 2696 camelis
913 2622 1010 2698 nobis
1027 2649 1149 2722 aquam

121 2731 335 2829 portantibus,
349 2734 521 2805 sextarium
539 2757 636 2804 mane
652 2735 687 2802 δε
703 2732 875 2803 sextarium
891 2734 1025 2828 vespere
1041 2735 1149 2829 quoti-

122 2839 171 2912 die
194 2867 253 2938 ρετ
278 2841 451 2914 hominem
476 2837 737 2938 accipiebamus,
758 2839 978 2911 amarescente
1004 2866 1091 2936 aqua
1115 2841 1150 2911 in

121 2949 193 3018 utris
207 2945 328 3044 pelles
341 2945 550 3020 mittebamus
566 2947 600 3019 itt
618 2973 692 3018 eam
708 2972 852 3037 arenam,
864 2950 900 3017 dt
910 2945 1148 3020 indulcabatut.

122 3055 245 3126 familie
257 3079 373 3126 autem
384 3056 636 3129 sarracenorum
647 3052 701 3125 vel
713 3078 828 3125 uxores
842 3079 968 3146 eorum,
984 3055 1150 3126 venientes

123 3159 160 3232 de
176 3188 302 3252 eremo,
324 3187 401 3232 cum
416 3161 652 3232 lamentatione
674 3159 718 3232 ad
741 3163 830 3233 viam
850 3159 1008 3253 sedentes,
1026 3162 1151 3233 sarcina

123 3265 276 3365 deposita,
296 3266 453 3366 petebant
475 3293 596 3364 panem
614 3294 633 3339 a
652 3265 906 3340 transeuntibus:
923 3272 958 3339 ὅ(
974 3267 1151 3340 veniebant

123 3375 176 3446 viti
191 3403 307 3446 earum
319 3372 361 3445 de
373 3375 525 3445 interiore
542 3397 634 3470 parte
651 3375 751 3444 eremi
769 3370 1045 3470 adducebantque
1065 3399 1150 3446 utres

124 3505 195 3551 cum
210 3508 300 3578 aqua
315 3479 445 3579 frigida,
458 3484 493 3551 ὅ(
510 3479 644 3570 dabant,
656 3484 691 3551 ὅ(
706 3478 911 3578 accipiebant
922 3479 978 3552 stbi
990 3505 1103 3578 panes,
1116 3485 1150 3552 δε

124 3585 329 3664 adducebant
345 3588 439 3660 testes
457 3613 534 3659 cum
551 3585 725 3680 radicibus,
740 3614 879 3685 quarum
892 3585 979 3658 odor
995 3613 1063 3660 etat
1080 3588 1150 3660 sua·

124 3694 257 3767 tissimus
280 3695 378 3792 supet
401 3695 514 3766 omnia
530 3719 691 3786 aromata,
715 3694 795 3766 nihii
811 3695 955 3784 licentes,
978 3697 1056 3790 quia
1073 3721 1150 3766 ana·

125 3801 229 3876 thema
245 3800 413 3874 habebant
430 3804 465 3874 δι
482 3799 550 3872 dies
567 3801 641 3872 suos
659 3801 756 3873 festos
773 3798 990 3873 celebrabant.
1010 3802 1149 3900 Populus

54 3991 57 3998 1
126 3935 239 4002 autem,
257 3911 316 4007 qui
342 3910 518 4006 peripsam
544 3911 705 3980 maiorem
725 3935 872 3981 eremum
895 3906 1150 4008 ingrediebatur,

127 4042 257 4090 numero
276 4015 456 4090 duodecim
472 4015 604 4089 miliat

158 4194 179 4227 a.
198 4177 307 4230 Eboda?
326 4205 358 4216 -
378 4179 402 4228 b.
426 4178 452 4228 P.
468 4174 555 4243 Sergij.
570 4202 603 4214 -
661 4174 742 4244 princ.
756 4173 852 4228 utribus
870 4175 895 4227 in
908 4175 1012 4228 modum
1026 4175 1098 4228 sellis.
1116 4203 1148 4217 -

129 4257 367 4323 enimomnes.
378 4256 441 4308 -ἀ,
450 4254 603 4322 M.,L.,tdit.
666 4275 687 4309 e.
701 4255 739 4308 As.
753 4272 791 4310 xtt
805 4255 864 4309 mill.
877 4256 992 4309 sexcenti.
