3354 5706
291 543 342 595 DE
367 543 470 596 LOCIS
495 541 788 596 TRANSMARINIS
816 543 953 597 SACRIS.
1071 544 1137 624 137

98 766 166 819 stetit
180 765 322 820 Dominus
341 765 450 835 quando
471 783 487 817 a
499 764 600 835 populo
612 765 757 818 iudeorum
780 777 810 818 ut
823 766 1022 836 crucifigeretur
1035 766 1139 820 adiudi-

99 861 174 900 catus
194 845 241 900 est.
264 846 331 899 Inde
350 846 470 898 venimus
492 845 525 898 ad
538 863 625 899 aream
640 845 687 898 ubi
701 846 752 898 fuit
765 846 913 917 antiquitus
928 859 1005 917 porta
1017 846 1139 902 civitatis.

98 928 140 980 Ibi
162 929 226 980 sunt
241 944 311 997 aque
331 925 435 996 putride
454 924 500 977 ubi
523 924 611 977 missus
630 924 666 978 est
678 926 821 978 Iheremias
834 926 970 996 propheta.
990 927 1064 980 Infra
1076 925 1140 980 civi-

98 1020 181 1062 tatem
196 1007 339 1061 Ierusalem
357 1004 393 1058 est
409 1003 524 1057 inclusus
539 1003 599 1058 fons
612 1004 691 1070 Siloe,
705 1005 769 1074 quia
781 1007 907 1060 Eudoxia
920 1006 1054 1076 Augusta,
1072 1024 1140 1060 uxor

98 1088 238 1142 Iustiniani
255 1089 430 1158 imperatoris,
450 1087 550 1140 addidit
570 1103 660 1140 muros
679 1085 819 1138 Ierusalem
843 1088 868 1140 δι
881 1087 934 1157 ipsa
947 1087 1061 1140 munivit
1076 1087 1140 1142 basr-

98 1168 178 1222 licam
192 1169 284 1223 Sansii
299 1169 462 1241 Stephani&
481 1167 633 1239 composuit
645 1168 793 1238 sepulcrum
813 1167 889 1222 suum
904 1167 977 1222 iuxta
989 1167 1139 1238 sepulcrum

99 1251 178 1302 sansii
193 1251 333 1322 Stephani,
350 1269 459 1321 unaque
472 1261 549 1320 porta
562 1248 675 1302 civitatis
690 1267 721 1301 ex
738 1248 846 1300 nomine
860 1248 936 1319 ipfius
955 1249 1076 1320 martyris
1093 1266 1140 1302 vo-

98 1341 184 1395 catur,
206 1333 233 1384 &
252 1331 340 1384 estad
360 1331 429 1384 viam
451 1349 504 1400 que
523 1329 627 1400 respicit
647 1328 681 1382 ad
700 1328 867 1382 occidentem
889 1347 941 1399 que
959 1329 1093 1382 descendit
1105 1329 1139 1384 ad

102 1413 207 1482 Ioppen
221 1412 248 1464 ἃ
262 1412 400 1466 cesaream
415 1410 572 1464 Palesiinam
586 1409 626 1462 vel
639 1410 673 1461 ad
686 1408 836 1479 Diospolim
851 1408 994 1476 civitatem,
1007 1427 1060 1480 que
1071 1410 1139 1463 anti·

99 1489 191 1561 quitus
212 1491 353 1544 dicebatur
366 1492 481 1556 Azotus,
500 1490 528 1544 in
543 1508 596 1560 qua
608 1488 748 1560 requiescit
760 1490 862 1542 sandius
876 1487 1011 1557 Georgius
1030 1501 1137 1563 martyr.

102 1573 133 1624 In
145 1572 202 1642 ipsa
214 1571 268 1637 via,
282 1589 336 1624 non
354 1570 435 1640 longe
448 1589 463 1622 a
476 1570 590 1635 civitate,
603 1569 649 1622 stat
664 1568 810 1639 columpna
824 1585 972 1622 marmorea
990 1587 1043 1639 que
1057 1570 1139 1640 prius-

104 1670 185 1722 quam
210 1652 350 1704 Dominus
377 1651 517 1704 duceretur
539 1651 574 1702 ad
594 1649 794 1718 flagellandum,
817 1646 922 1718 fugiens
940 1649 1025 1702 levata
1050 1651 1084 1702 est
1105 1652 1138 1705 ad

103 1733 188 1784 nubes
209 1733 236 1784 δι
251 1731 371 1802 disposta
389 1731 416 1784 in
436 1730 530 1784 eodem
551 1729 623 1795 loco,
645 1747 697 1799 que
719 1746 772 1781 non
795 1729 875 1780 habet
896 1727 985 1793 basim,
1008 1730 1045 1783 set
1064 1733 1140 1803 super

102 1824 198 1866 terram
214 1812 340 1882 agitatur.
352 1810 556 1864 Revertentibus
571 1809 648 1864 nobis
664 1810 691 1862 in
705 1810 850 1876 civitatem,
857 1811 978 1865 venimus
992 1811 1026 1865 ad
1039 1811 1139 1864 Proba·

100 1894 181 1947 ticam
205 1893 346 1964 piscinam,
364 1892 437 1946 iuxta
459 1910 538 1963 quam
561 1891 596 1944 eli
614 1890 717 1944 bafilica
732 1893 823 1945 Sansie
843 1892 941 1958 Maris,
957 1892 1003 1945 ubi
1021 1891 1056 1944 esi
1068 1904 1138 1945 nata.

101 1975 206 2028 Deinde
218 1985 361 2044 pergentes
377 1972 524 2038 Bethleem,
540 1971 689 2026 invenimus
701 1972 850 2042 sepulcrum
865 1972 976 2038 Rachel,
990 1971 1075 2026 tercio
1089 1971 1139 2026 mi·

101 2055 174 2108 liario
192 2056 227 2108 ab
245 2052 396 2106 ierusalem.
415 2054 446 2105 In
466 2052 520 2122 ipsa
539 2052 627 2105 media
647 2053 689 2106 via
703 2051 853 2106 invenimus
871 2052 973 2107 fontem
993 2053 1018 2105 δι
1044 2052 1139 2106 dicunt

102 2138 173 2207 quod
193 2135 303 2205 fugiens
321 2133 348 2185 iu
367 2135 505 2204 Egyptum
529 2133 614 2185 sancia
639 2133 729 2186 Maria
747 2131 785 2185 ibi
807 2133 900 2184 sederit
921 2149 984 2186 curu
1008 2150 1090 2202 puero
1114 2135 1140 2186 dt

102 2217 183 2270 fitiens
202 2213 291 2268 oravit
310 2214 335 2266 St
354 2211 484 2265 continuo
501 2210 555 2280 ipsa
574 2229 645 2283 aqua
661 2210 802 2264 emanavit.
821 2210 885 2264 Inde
904 2211 987 2280 usque
1001 2211 1138 2265 Bethleem

103 2298 159 2349 sunt
172 2293 281 2361 miliarii
295 2306 354 2346 tres.
366 2291 503 2346 Bethleem
515 2291 591 2346 loeus
604 2291 834 2362 splendidillimus,
847 2291 910 2361 quia
922 2291 959 2344 ibi
969 2291 1003 2344 est
1016 2291 1140 2362 spelunca

105 2377 148 2428 uhi
168 2373 297 2428 natusest
312 2373 455 2444 Dominus.
473 2371 515 2424 lbi
532 2371 693 2436 leronimus,
706 2371 828 2442 presbiter
840 2371 933 2424 doctor
945 2371 1087 2441 preclarus,
1101 2374 1138 2426 ob

105 2455 275 2510 devotionem
297 2451 446 2516 Salvatoris,
467 2463 674 2506 monumentum
696 2451 740 2504 sibi
763 2451 921 2520 composuit.
941 2453 972 2504 In
985 2452 1139 2504 suburbano

105 2535 216 2588 eiusdem
232 2531 372 2586 Bethleem
393 2530 508 2584 miliario
529 2531 618 2584 medio
639 2531 708 2585 iacet
721 2531 808 2584 David
827 2531 855 2582 in
877 2531 996 2602 sepulcro
1014 2532 1141 2603 &appel-

104 2611 170 2664 latur
189 2613 269 2665 locus
288 2612 332 2664 ille
352 2611 458 2665 basilica
475 2610 562 2664 sancti
578 2610 674 2663 David.
698 2613 743 2664 Set
765 2613 789 2664 8ι
809 2611 933 2676 infantes,
951 2630 1020 2683 quos
1040 2612 1141 2665 occidit

104 2692 233 2756 Herodes,
253 2691 279 2744 in
299 2691 355 2762 ipso
376 2692 438 2744 loco
456 2692 556 2744 habent
569 2691 686 2762 sepulcra
699 2692 724 2744 δι
737 2691 764 2743 in
778 2709 830 2744 una
840 2690 1008 2761 requiescunt
1022 2693 1138 2746 ecclelia.

105 2771 145 2823 De
166 2771 306 2824 Bethleem
334 2773 418 2841 usque
442 2773 477 2824 ad
501 2771 590 2825 ilicem
616 2772 742 2824 Mambre
766 2772 826 2825 sunt
847 2770 951 2839 miliarij
974 2772 1081 2840 xxiiijor.
1107 2775 1138 2826 In

105 2867 156 2918 quo
177 2849 241 2902 loco
262 2849 431 2920 requiescunt
449 2851 601 2915 Abraham,
619 2851 707 2904 Ysaac
728 2851 753 2904 dt
777 2851 860 2903 Iacob
882 2851 1031 2922 &primus
1053 2854 1137 2906 homo

106 2929 203 2982 Adam.
220 2929 293 2982 Nam
312 2930 438 3000 depositio
457 2931 541 2984 Iacob
559 2931 584 2982 δι
596 2930 685 2983 David
704 2929 731 2983 in
751 2931 859 3000 regione
872 2931 918 2984 illa
932 2932 1015 2985 tercio
1029 2932 1071 2985 die
1084 2933 1141 3004 post

107 3009 197 3062 Natale
216 3009 332 3062 Domini
357 3012 390 3063 ab
418 3010 544 3064 omnibus
566 3009 729 3063 devotissime
755 3011 909 3064 celebratur.
934 3005 976 3063 De
1001 3013 1140 3066 Ierusalem

109 3088 293 3142 descendentes
305 3089 421 3143 adriam
435 3109 488 3161 que
501 3090 574 3142 vadit
587 3091 621 3143 ad
637 3093 739 3145 Gazam
760 3092 784 3143 8ι
800 3090 930 3158 Ascalon,
945 3091 1060 3145 miliario
1072 3093 1141 3146 vice·

108 3168 166 3222 suno
193 3167 316 3222 venimus
334 3169 360 3222 in
380 3180 499 3222 montem
516 3169 632 3234 Gelboe,
651 3167 697 3222 ubi
718 3169 820 3223 occisus
839 3169 874 3224 est
890 3170 960 3222 Saul.
975 3169 1044 3224 Illuc
1058 3189 1141 3243 prope

110 3244 173 3300 iacet
187 3249 290 3302 Goliad
308 3250 335 3302 in
355 3249 442 3304 media
460 3249 511 3314 via,
529 3267 653 3302 acervum
667 3247 787 3316 ligneum
807 3249 839 3301 ad
853 3250 940 3319 capud
951 3249 1017 3317 eius,
1030 3254 1055 3304 δι
1067 3253 1142 3323 super

108 3344 164 3380 eum
186 3329 221 3382 est
248 3330 385 3400 congeries
407 3347 506 3399 magna
526 3339 669 3400 petrarum.
692 3327 797 3380 Deinde
820 3327 941 3382 venimus
962 3329 989 3382 in
1007 3330 1140 3385 civitatem

108 3424 156 3475 que
169 3409 269 3462 dicitur
280 3408 505 3480 Heleuteropolis,
523 3409 569 3462 ubi
583 3408 690 3462 Samson
705 3407 858 3460 sortissimus
871 3424 933 3462 cum
954 3411 1062 3464 maxilla
1079 3411 1140 3464 asini

108 3485 201 3539 occidit
219 3487 296 3541 mille
318 3487 395 3541 viros.
412 3490 454 3540 Ex
472 3507 526 3558 qua
548 3487 664 3552 maxilla,
683 3486 739 3557 ipso
759 3499 859 3552 orante,
872 3506 942 3557 aqua
955 3490 1089 3560 profluxit,
1117 3491 1142 3543 δι

109 3563 157 3633 ipse
169 3567 231 3619 sons
244 3567 305 3620 loca
318 3567 373 3638 ipsa
384 3568 467 3638 usque
480 3567 506 3620 in
521 3567 678 3620 hodiernum
692 3566 761 3619 diem
777 3565 875 3636 irrigat.
897 3568 962 3620 Inde
976 3569 1096 3622 venimus
1108 3570 1142 3622 ad

110 3642 194 3698 locum
213 3647 262 3700 ubi
278 3647 356 3700 isaias
375 3647 504 3718 propheta
522 3647 555 3699 de
573 3647 640 3700 serra
657 3645 747 3716 lignea
764 3647 882 3699 soccatus
901 3647 972 3700 esi&
991 3648 1089 3702 ibidem
1103 3667 1142 3701 re·

111 3725 215 3794 quiescit
225 3729 273 3781 sub
287 3745 386 3798 quercu
399 3727 498 3797 Rogel,
510 3726 583 3780 iuxta
594 3727 733 3780 decursum
751 3744 890 3796 aquarum.
904 3727 1009 3780 Exinde
1021 3729 1143 3782 venimus

110 3803 134 3855 in
152 3805 243 3860 locum
265 3807 312 3860 ubi
325 3809 443 3861 Abacuc
460 3805 590 3878 propheta
608 3805 708 3859 serebat
729 3804 870 3876 prandium
892 3806 1056 3872 messoribus,
1069 3808 1143 3861 iuxta

112 3902 185 3953 quem
202 3887 297 3939 locum
317 3887 400 3956 surgit
417 3885 477 3938 sons
493 3886 520 3937 in
534 3881 590 3957 qu'o
602 3885 753 3956 Phillippus
764 3884 909 3956 baptizavit
925 3887 1090 3940 eunuchum.
1111 3891 1143 3940 In

111 3962 162 4033 iplia
183 3965 252 4018 locis
277 3966 336 4018 sunt
356 3965 438 4036 putei,
458 3982 527 4035 quos
548 3965 674 4019 foderunt
694 3965 845 4031 Abraham,
866 3964 952 4018 Ysaac
972 3967 996 4018 8ι
1017 3969 1099 4020 Iacob
1120 3969 1145 4020 8ι

115 4044 310 4114 appellaverunt
323 4045 522 4116 Calumpniam.
541 4044 607 4098 Inde
627 4044 749 4100 venimus
761 4043 894 4114 Serapiam
908 4045 933 4097 &
950 4043 1010 4098 inde
1024 4045 1145 4100 venimus

115 4123 277 4191 Mammam,
286 4125 314 4178 in
326 4145 378 4196 qua
390 4124 529 4197 requiescit
537 4126 640 4179 sandius
649 4125 742 4178 Vittor
751 4135 858 4195 martyr.
872 4124 914 4177 De
923 4125 1052 4178 Mazoma
1063 4127 1146 4196 usque

114 4203 182 4258 Gara
195 4206 276 4258 habet
292 4203 445 4258 miliarium.
464 4205 570 4258 Deinde
592 4217 738 4271 moventes,
757 4216 786 4258 ut
803 4203 1003 4258 ascenderemus
1022 4217 1142 4259 montem

114 4279 178 4349 Sina,
196 4285 366 4354 susceperunt
387 4301 436 4338 nos
462 4282 587 4338 monachi
610 4302 641 4336 ex
663 4283 757 4337 eodem
782 4293 873 4335 monte
895 4283 1143 4337 &introduxerunt

1014 4401 1044 4450 18
