3396 5708
483 615 549 693 154
937 597 1043 691 (439)

476 854 501 905 p.
516 836 593 903 585),
615 835 714 887 Simeon
738 833 931 904 Metaphrastes,
952 832 1009 886 Vita
1021 831 1048 901 s
1064 830 1191 892 Melania,
1213 849 1235 884 c.
1254 831 1498 900 31(Migne,t’arr.

471 933 528 984 gr.,
547 916 640 980 CXVI,
666 933 688 967 c.
707 916 790 982 788),
814 913 922 983 Glycas,
943 912 1059 977 Annales,
1078 930 1135 982 pars
1148 913 1184 963 1v
1207 914 1256 978 (ed.
1272 914 1368 975 Bonn,
1388 929 1413 980 p.
1429 914 1500 976 ⁴⁸4it

476 999 599 1060 Zonaras,
619 994 728 1048 Annales
746 994 800 1062 (ed.
816 997 849 1047 II.
863 993 983 1059 Valesius,
1003 993 1086 1056 Basil,
1105 1005 1124 1045 t.
1145 993 1191 1056 111,
1211 1011 1235 1060 p.
1253 991 1315 1059 37),
1339 990 1503 1059 Ephraemiur,

475 1077 652 1143 Imperatorum
667 1075 696 1126 ὃ]
701 1073 910 1142 patriarcharum
922 1071 1043 1140 recensus,
1057 1090 1082 1123 v.
1100 1091 1214 1138 7¹5·7²0
1228 1071 1283 1140 (ed.
1299 1073 1396 1135 Bonn,
1409 1091 1433 1141 μ
1448 1075 1502 1136 38);

475 1155 632 1224 Nicephorus
646 1153 769 1218 Callillus,
785 1153 844 1220 Idst.
860 1152 954 1221 eccles,
965 1153 981 1205 l.
995 1155 1066 1217 xlv,
1079 1169 1115 1204 cc.
1131 1169 1173 1217 23,
1189 1170 1220 1216 ςο
1235 1152 1350 1222 (Migne,
1371 1153 1442 1204 Patr.
1451 1169 1504 1220 gr,

476 1237 595 1300 CXLVI,
609 1252 646 1288 cc.
662 1252 738 1300 1129,
753 1238 830 1300 ¹233)
842 1235 866 1286 dc
879 1234 973 1287 Itinera
981 1250 1077 1301 greco,
1090 1232 1128 1301 1.)

390 1391 461 1472 439
476 1367 612 1440 *IUDAEI
622 1367 853 1453 CRETENsEs‚
868 1367 1111 1460 Hierosolymam
1116 1369 1197 1458 pede
1205 1371 1285 1459 ficto
1299 1391 1434 1434 remcort
1444 1391 1504 1434 ren-

474 1499 581 1547 tumes.
608 1487 686 1556 (187)

519 1614 531 1644 ι
549 1588 620 1652 Hoc
635 1588 729 1652 etiam
743 1604 892 1670 tempore,
916 1583 1055 1648 diabolus
1071 1585 1101 1646 in
1115 1582 1214 1665 specie
1231 1579 1333 1665 Moysi
1349 1581 1462 1646 Iudaeis
1476 1586 1504 1646 in

476 1675 563 1738 Creta
588 1697 744 1760 apparens,
768 1676 841 1739 dum
867 1696 920 1738 eos
946 1695 1000 1756 per
1025 1693 1108 1736 mare
1133 1671 1211 1754 pede
1231 1667 1312 1733 succo
1337 1673 1374 1734 ad
1397 1689 1506 1735 terram

477 1766 711 1846 repromissionis
727 1764 879 1848 promittit
901 1763 1080 1844 perducere,
1095 1761 1234 1844 plurimis
1244 1762 1373 1839 necatis,
1387 1763 1505 1845 reliqui,

475 1854 526 1935 qui
544 1853 644 1916 salvati
660 1855 735 1932 sunt,
749 1850 908 1916 confestim
924 1853 961 1913 ad
977 1849 1090 1915 Christi
1104 1850 1233 1932 gratiam
1247 1866 1503 1913 convertuntur.»

546 1962 663 2113 [Isrdqrus
678 1961 782 2032 Hispal,
795 1961 937 2025 chronicon,
959 1977 980 2012 c.
997 1977 1044 2025 109
1067 1958 1185 2028 (Migne,
1206 1960 1275 2010 Patr.
1288 1957 1342 2023 lan,
1357 1961 1504 2028 LXXXIII,

475 2059 497 2095 c.
513 2045 604 2110 1052).

517 2182 530 2214 ‹
549 2157 640 2222 Circa
661 2157 768 2218 eadem
791 2171 928 2236 tempora
952 2152 1041 2214 multi
1062 2149 1236 2214 ludaeorum
1259 2152 1289 2214 in
1306 2152 1394 2215 Creta
1416 2152 1506 2214 chris-

476 2246 548 2309 tiani
558 2245 624 2308 sunt
636 2245 706 2307 fad'ti
716 2258 841 2327 propter
851 2244 940 2306 huius
952 2241 1036 2304 modi
1049 2241 1221 2324 passionem.
1233 2239 1374 2328 Quidam
1385 2238 1505 2305 Iudaeus

474 2333 563 2396 finxit
590 2332 781 2416 semetipsum
814 2329 872 2394 esse
904 2329 1036 2414 Moysen
1062 2328 1091 2391 δι
1116 2329 1234 2392 caelitus
1265 2328 1450 2394 destinatum
1474 2347 1507 2392 ut

476 2419 595 2486 Iudaeos
617 2421 699 2484 illam
715 2420 842 2484 insulam
861 2420 1031 2483 habitantes
1046 2439 1100 2500 per
1115 2438 1199 2481 mare
1214 2417 1392 2498 deduceret,
1412 2419 1506 2503 ipsum

476 2511 504 2572 se
518 2507 577 2573 elle
595 2510 700 2574 dicens
723 2513 774 2594 qui
798 2509 872 2572 olim
893 2507 973 2571 filios
991 2504 1082 2569 Israel
1102 2528 1157 2590 per
1171 2506 1306 2570 Rubrum
1320 2529 1403 2570 mare
1416 2507 1508 2570 salva-

475 2614 568 2663 verat.
594 2599 753 2664 CIrcuibat
775 2599 875 2681 itaque
897 2612 963 2660 toto
985 2617 1064 2658 anno
1086 2615 1335 2679 unamquamque
1361 2595 1444 2658 illius
1462 2598 1507 2659 in-

475 2686 545 2749 sulae
563 2687 718 2749 civitatem
733 2685 936 2769 suadebatque
950 2682 1060 2748 Iudaeis
1083 2699 1116 2747 ut
1136 2684 1306 2760 crederent,
1330 2704 1462 2746 monens
1475 2699 1508 2744 ut

475 2796 581 2839 omnes
596 2776 740 2857 pecunias
755 2791 846 2859 atque
861 2771 1052 2855 posseffiones
1066 2771 1283 2856 relinquerent,
1307 2793 1381 2835 curn
1403 2773 1508 2854 utique

476 2863 597 2926 dedudli
619 2883 672 2946 per
692 2860 804 2925 succum
824 2884 906 2925 mare
926 2864 963 2925 ad
984 2859 1221 2944 repromislionis
1242 2859 1354 2944 gaudia
1368 2861 1509 2943 perveni-

474 2967 550 3014 rent.
573 2952 617 3014 At
631 2950 675 3013 illi
690 2952 747 3013 hac
761 2950 810 3034 spe
825 2951 907 3032 capti
922 2971 1015 3011 omne
1030 2970 1107 3031 opus
1123 2949 1281 3031 proprium
1296 2947 1508 3032 neglegebant,

474 3055 708 3104 contemnentes
728 3039 821 3101 etiam
837 3036 1027 3122 posseffiones
1048 3036 1156 3100 suas&
1171 3037 1361 3101 dimittentes
1375 3059 1427 3100 eas
1442 3038 1508 3120 qui·

476 3127 661 3212 buscumque
683 3127 825 3210 personis.
850 3128 994 3210 Cumque
1017 3123 1142 3189 venisset
1168 3126 1232 3190 dies
1257 3147 1350 3210 quarn
1375 3125 1508 3210 designa·

478 3231 562 3279 verat
573 3215 712 3280 sedud'tor
727 3215 778 3278 ille
789 3212 920 3294 Iudaeus,
933 3237 971 3278 eo
984 3214 1174 3298 praecedente
1187 3214 1391 3298 sequebantur
1402 3233 1507 3276 omnes

477 3325 549 3367 cum
563 3304 787 3388 coniugibus&
799 3305 898 3386 parvis
912 3304 1060 3382 aetatibus,
1078 3303 1266 3387 deduxitque
1280 3325 1335 3366 eos
1354 3305 1391 3368 ad
1412 3324 1508 3387 quan-

476 3392 547 3454 dam
568 3412 676 3475 rupem
699 3393 847 3455 declivius
873 3393 1100 3455 incumbentem
1133 3391 1271 3475 iuslitque
1294 3407 1330 3455 ut
1349 3412 1506 3455 comarum

476 3479 627 3544 schemate
643 3481 814 3564 semetipsos
836 3480 1038 3543 involverent.
1058 3479 1131 3542 Hoc
1142 3501 1216 3562 ergo
1228 3481 1379 3543 faciebam
1394 3482 1507 3564 priores

476 3568 587 3632 &cum
598 3571 736 3633 venirent
750 3571 787 3631 ad
798 3589 898 3651 rupes,
912 3583 1037 3652 repente
1052 3567 1261 3632 moriebantur
1276 3585 1338 3631 tam
1353 3568 1506 3630 dilacerati

476 3660 572 3720 acutis
585 3658 712 3739 rupibus
731 3679 825 3741 quam
840 3658 870 3720 in
886 3679 964 3740 aqua
978 3657 1086 3719 necati.
1103 3655 1174 3720 Plus
1189 3673 1290 3719 tamen
1306 3656 1385 3720 mori
1400 3673 1507 3740 potue·

476 3762 549 3809 runt
563 3744 628 3825 nist,
649 3745 722 3810 Deo
738 3746 929 3828 providente,
943 3745 1067 3828 quidam
1082 3745 1138 3807 viri
1155 3745 1305 3808 christiani
1323 3744 1505 3828 supervenis-

477 3835 540 3897 sent
556 3832 719 3916 piscatores
741 3849 833 3918 atque
853 3835 1067 3916 negotiatores,
1082 3834 1135 3917 qui
1150 3832 1226 3896 alios
1240 3856 1312 3896 cum
1327 3851 1506 3897 necarentur

476 3923 637 4005 eripientes
646 3938 870 4001 recreaverunt,
880 3938 945 3985 tum
953 3921 1068 3984 malum
1077 3942 1185 3983 eorum
1193 3921 1328 3985 stultitiae
1336 3922 1506 4000 sentientes,

476 4010 605 4074 aliosne
626 4011 798 4093 semetipsos
814 4011 894 4074 iaetu
908 4008 1115 4074 interficerent
1138 4025 1310 4090 tenuerunt,
1335 4014 1505 4074 nuntiantes

476 4119 585 4162 eorum
600 4116 731 4162 mortem
746 4101 798 4184 qui
811 4102 910 4182 primo
926 4100 1109 4163 ceciderant.
1125 4097 1193 4186 Qui
1205 4100 1296 4162 etiam
1311 4099 1504 4182 agnoscentes

476 4187 683 4251 sedud'tionem
717 4187 882 4271 culpabant
912 4188 940 4250 se
964 4209 1002 4250 eo
1027 4190 1109 4271 quod
1141 4187 1228 4251 facile
1252 4187 1280 4250 ei
1305 4184 1503 4250 credidissent.

477 4276 622 4360 Cumque
635 4273 798 4340 voluissent
820 4276 906 4339 illurn
921 4276 1071 4359 perimere
1084 4274 1284 4355 seductorem,
1304 4277 1503 4360 comprehen-

476 4367 549 4428 dere
563 4367 776 4448 nequiverunt,
798 4380 922 4448 repente
943 4386 1076 4447 namque
1095 4366 1238 4447 disparuit
1252 4365 1401 4447 deditque
1416 4363 1501 4446 suspi-
