3390 5720
519 525 585 604 126
813 548 1035 604 nuromuus
1061 551 1236 605 marrus

511 757 663 844 &tytulus
677 760 730 843 qui
745 759 831 844 super
845 760 1075 844 caputDomini
1092 759 1204 846 positus
1219 763 1316 826 fuerat
1330 763 1360 825 in
1376 786 1440 846 quo
1452 761 1547 846 scrip-

511 864 577 910 tum
598 846 656 911 est:
681 847 759 913 IHC
771 849 951 915 Nazarenus
971 872 1023 914 rex
1037 849 1213 931 Iudeorum,
1228 853 1311 915 tenui
1326 852 1357 915 in
1373 874 1500 915 manum
1513 851 1545 914 dt

510 936 650 1000 osculavi.
673 936 771 1024 Quod
794 937 910 1022 lignum
932 941 1029 1003 crucis
1044 942 1082 1002 de
1100 963 1179 1004 nuce
1193 940 1244 1003 est.
1267 940 1456 1004 Procedente
1471 963 1547 1003 vero

511 1024 611 1089 saneta
631 1047 720 1090 cruce
742 1030 778 1090 ad
801 1029 990 1090 adorandum
1011 1030 1049 1090 de
1072 1029 1215 1093 cubiculo
1234 1028 1332 1093 suo&
1354 1031 1497 1093 veniente
1514 1034 1546 1094 in

510 1117 586 1180 atrio
602 1116 653 1178 ubi
669 1117 819 1194 adoratur,
834 1118 941 1184 eadem
957 1118 1034 1180 bora
1048 1136 1173 1202 apparet
1185 1120 1215 1182 iu
1226 1118 1294 1181 celo
1307 1119 1400 1199 stella,
1414 1120 1444 1183 δι
1460 1123 1549 1184 venit

510 1206 597 1288 super
611 1205 715 1268 locum
731 1204 781 1268 ubi
797 1226 870 1268 crux
886 1203 1002 1269 residet.

550 1293 592 1357 Et
616 1298 690 1357 dum
712 1297 852 1359 adoratur
872 1317 956 1375 crux,
981 1295 1036 1360 stat
1058 1295 1233 1379 supeream
1255 1296 1349 1376 stella,
1373 1297 1550 1362 &affertur

510 1384 615 1446 oleum
637 1386 673 1446 ad
697 1385 940 1448 benedicendum
967 1384 1103 1467 ampulas
1129 1387 1253 1448 medias.
1279 1385 1365 1448 Hora
1385 1407 1460 1449 vero
1485 1411 1550 1472 qua

510 1473 642 1556 tetigerit
666 1473 783 1558 lignum
809 1475 907 1537 crucis
931 1477 985 1538 has
1010 1473 1168 1556 ampullas,
1194 1495 1267 1536 mox
1288 1475 1414 1539 ebulliet
1439 1475 1549 1540 oleum

510 1564 597 1625 foras.
613 1561 655 1625 Et
668 1559 723 1624 nist
737 1564 827 1626 citius
841 1563 1030 1642 claudantur,
1046 1579 1146 1626 totum
1161 1563 1288 1627 ebulliet
1302 1564 1390 1628 foras.

550 1650 736 1714 Revertente
749 1672 821 1715 vero
836 1673 959 1715 crucem
974 1654 1004 1714 in
1020 1653 1090 1715 loco
1106 1652 1168 1731 suo,
1183 1652 1212 1715 St
1227 1651 1312 1715 stella
1323 1654 1434 1736 pariter
1444 1675 1550 1718 rever·

510 1741 592 1819 titur,
607 1740 636 1803 &
651 1739 718 1823 post
732 1741 877 1804 reclusam
892 1762 1016 1804 crucem
1032 1742 1110 1805 ultra
1124 1763 1186 1804 non
1202 1757 1326 1824 apparet
1340 1741 1432 1804 stella.
1459 1744 1550 1808 Nam

510 1830 551 1892 ibi
567 1828 609 1892 est
623 1850 721 1892 canna
735 1828 764 1893 δι
779 1828 904 1914 spongia
917 1833 956 1893 de
971 1831 1082 1914 quibus
1097 1829 1207 1914 legitur
1221 1832 1252 1892 in
1266 1831 1435 1914 evangelio.
1459 1832 1549 1896 Cum

510 1940 571 2002 qua
590 1919 716 2002 spongia
736 1941 848 2002 aquam
870 1920 1002 1984 bibimus
1023 1919 1053 1983 δι
1075 1919 1153 1984 calix
1175 1918 1327 1983 onichilus
1342 1943 1435 2004 quern
1451 1921 1551 1984 bene-

510 2008 588 2070 dixit
601 2007 633 2070 in
648 2028 734 2087 cena,
749 2007 778 2070 δι
793 2008 851 2070 alie
867 2008 962 2070 multe
977 2009 1113 2072 virtutes.

549 2096 672 2179 Species
693 2097 781 2160 beate
797 2095 897 2159 Marie
920 2099 950 2160 in
972 2096 1116 2179 superiori
1138 2096 1219 2174 loco,
1241 2096 1271 2159 &
1292 2118 1373 2158 zona
1391 2095 1493 2179 ipsus,
1517 2099 1552 2164 δι

509 2186 709 2268 ligamentum
729 2207 793 2269 quo
808 2185 949 2248 utebatur
962 2185 992 2248 in
1008 2187 1115 2269 capite.
1138 2185 1179 2248 Et
1197 2186 1238 2248 ibi
1260 2185 1327 2248 sunt
1340 2187 1380 2270 vij
1400 2188 1551 2252 cathedre

509 2294 678 2337 marmoree
698 2273 858 2337 seniorum.
881 2273 956 2337 lnde
981 2275 1170 2339 ascendimus
1193 2277 1223 2339 in
1250 2291 1330 2336 turre
1352 2274 1467 2355 David,
1491 2279 1551 2340 ubi

509 2364 681 2426 decantavit
696 2363 868 2445 psalterium
880 2385 991 2447 magna
1004 2387 1081 2427 voce
1092 2364 1181 2426 valde
1196 2365 1227 2427 in
1242 2364 1395 2429 cenaculis
1410 2361 1551 2450 lingulis.

510 2450 585 2538 Que
594 2453 681 2514 turris
693 2453 939 2536 quadrangula&
951 2475 1028 2536 opus
1045 2452 1205 2536 sculptum,
1216 2474 1278 2515 non
1291 2453 1406 2518 habens
1418 2454 1551 2518 testum.

509 2538 544 2602 ln
565 2562 626 2623 qua
649 2541 811 2605 Christiani
833 2562 888 2624 pro
910 2543 1080 2604 devotione
1096 2542 1133 2604 ad
1156 2540 1344 2604 mansionem
1369 2542 1552 2626 ascendunt,

509 2629 539 2694 &
554 2631 634 2693 circa
645 2631 746 2693 medio
758 2630 858 2694 nostis
870 2630 970 2713 spacio
982 2629 1145 2714 surgentes,
1159 2632 1288 2693 audiunt
1298 2653 1390 2694 voces
1405 2653 1552 2696 munnu-

508 2720 639 2782 rantium
653 2718 793 2781 deorsum
812 2720 843 2781 in
864 2719 941 2782 valle
960 2717 1100 2802 Iosaphat
1117 2736 1223 2783 contra
1236 2719 1399 2783 Iordanem
1418 2723 1453 2784 ad
1475 2722 1552 2788 loca

508 2830 568 2892 que
583 2807 745 2890 respiciunt
758 2824 865 2870 contra
878 2808 1045 2872 Sodomam
1058 2808 1089 2872 dt
1104 2808 1303 2874 Gomorram.
1319 2808 1443 2873 Deinde
1457 2813 1551 2874 verri-

508 2919 576 2962 mus
590 2899 621 2960 in
638 2895 758 2960 basilica
772 2895 872 2960 saneta
886 2897 978 2980 Syon,
1001 2899 1052 2961 ubi
1074 2898 1140 2961 sunt
1160 2897 1309 2961 mirabilia
1333 2897 1436 2961 multa
1458 2897 1552 2964 Inter

507 3009 569 3071 que
587 2988 670 3070 quod
694 2986 804 3070 legitur
824 2987 862 3048 de
883 2986 984 3069 lapide
1006 2987 1140 3070 angulari
1163 2988 1215 3070 qui
1237 2987 1415 3069 reprobatus
1437 2987 1481 3050 est
1505 2992 1551 3053 ab

510 3075 729 3140 edificantibus.
747 3075 888 3139 Domino
911 3076 1100 3158 ingrediente
1122 3077 1152 3138 in
1176 3075 1237 3158 ipsa
1258 3073 1384 3138 ecclesra
1405 3099 1464 3159 que
1486 3079 1553 3144 fuit

509 3168 620 3229 domus
642 3164 734 3227 sandi
757 3162 873 3242 lacobi,
894 3165 1011 3228 invenit
1031 3165 1165 3248 lapidem
1189 3165 1358 3226 deformem
1383 3166 1413 3227 in
1438 3170 1551 3232 medio

507 3257 669 3334 iacentem,
692 3255 790 3317 tenuit
810 3276 881 3316 eum
903 3254 933 3317 &
956 3253 1053 3336 posuit
1075 3255 1105 3316 in
1128 3252 1250 3336 angulo.
1273 3251 1383 3340 Quem
1404 3270 1488 3320 tenes
1512 3259 1552 3322 δι

509 3343 590 3406 levas
612 3343 642 3404 in
664 3343 813 3421 manibus,
835 3343 865 3406 δι
887 3343 976 3425 ponis
1000 3363 1102 3404 aurem
1125 3345 1155 3405 in
1177 3342 1241 3424 ipso
1264 3343 1387 3426 angulo,
1408 3341 1553 3408 &sonat

508 3434 539 3493 in
561 3431 682 3494 auribus
704 3417 868 3516 tuis'quasr
889 3431 1056 3494 multorum
1081 3432 1243 3493 hominum
1270 3431 1477 3493 murmuratio.
1504 3431 1550 3496 ln

508 3519 570 3604 ipsa
590 3517 716 3583 ecclesia
736 3520 903 3603 columpna
924 3520 966 3582 est
988 3521 1038 3582 ubi
1063 3520 1220 3584 Dominus
1242 3519 1411 3604 flagellatus
1431 3519 1482 3583 est.
1503 3516 1549 3586 In

508 3629 569 3693 qua
582 3609 749 3692 columpna
763 3610 822 3672 tale
836 3610 879 3672 est
893 3607 1021 3694 signum,
1035 3627 1068 3672 ut
1083 3613 1157 3672 dum
1172 3631 1240 3672 eam
1262 3608 1419 3692 amplexus
1435 3607 1551 3690 firislet,

509 3699 538 3760 in
555 3697 617 3780 ipsa
631 3699 737 3780 pestus
752 3699 816 3762 eius
833 3695 956 3778 adhesit,
977 3697 1169 3782 &apparent
1190 3701 1220 3761 in
1235 3720 1272 3761 ea
1286 3697 1386 3780 palme
1402 3696 1431 3761 ἃ
1444 3699 1551 3780 digiti,

509 3789 551 3851 ita
565 3803 598 3850 ut
613 3808 667 3870 pro
679 3783 801 3868 singulis
813 3786 986 3870 langoribus
998 3787 1134 3851 mensura
1146 3788 1280 3866 tollatur,
1294 3787 1415 3852 &circa
1426 3785 1550 3850 collum

509 3877 620 3954 babent
641 3875 671 3938 &
692 3875 838 3938 sanantur.
859 3873 895 3937 In
917 3875 978 3959 ipsa
998 3876 1164 3959 columpna
1185 3877 1228 3940 est
1249 3877 1278 3939 δι
1301 3897 1397 3939 cornu
1411 3875 1486 3938 illud
1503 3875 1549 3938 de

510 3986 572 4046 quo
593 3986 678 4049 reges
700 3966 899 4048 ungebantur,
920 3965 1002 4027 unde
1024 3963 1172 4028 &David
1197 3964 1306 4029 undlus
1327 3963 1370 4027 est
1391 3965 1422 4026 in
1437 3985 1549 4047 regno.

510 4052 551 4116 Et
572 4054 612 4116 ibi
635 4052 678 4115 est
692 4075 807 4116 corona
827 4055 864 4115 de
879 4053 970 4136 spinis
993 4055 1030 4115 de
1045 4075 1105 4137 qua
1121 4053 1277 4118 Dominus
1292 4054 1350 4116 fuit
1370 4069 1550 4118 coronatus.

510 4138 557 4203 Ibi
578 4139 621 4203 est
635 4142 665 4204 δι
679 4141 784 4204 lancea
795 4142 832 4203 de
847 4163 908 4224 qua
923 4143 952 4203 in
964 4141 1057 4203 latere
1079 4138 1231 4223 percussus
1246 4141 1297 4203 est.
1319 4138 1365 4202 lbi
1381 4139 1411 4204 &
1426 4139 1549 4223 lapides

511 4229 599 4292 multi
621 4252 692 4292 cum
712 4231 823 4314 quibus
838 4229 988 4314 lapidatus
1003 4228 1045 4292 est
1059 4229 1238 4313 Stephanus.
1260 4229 1306 4293 Ibi
1330 4230 1498 4312 columpna
1512 4232 1548 4295 in

511 4341 573 4403 qua
596 4340 669 4382 cmx
694 4317 790 4403 posita
811 4319 867 4382 suit
888 4320 967 4382 beati
988 4318 1077 4397 Petri,
1103 4319 1154 4381 ubi
1180 4317 1342 4382 crucifixus
1367 4317 1410 4382 est
1431 4319 1548 4384 Rome.

512 4406 559 4470 lbi
581 4407 611 4470 δι
631 4408 709 4471 calix
732 4409 762 4470 in
778 4429 840 4491 quo
856 4407 923 4490 post
936 4407 1186 4471 resurredlionem
1201 4408 1332 4471 Domini
1348 4404 1448 4470 missas
1462 4409 1549 4472 cele-

514 4497 637 4559 brarunt
651 4494 788 4580 apostoli.
803 4495 845 4558 Et
859 4496 956 4559 multa
969 4495 1027 4558 alia
1042 4495 1190 4559 mirabilia
1204 4519 1264 4579 que
1278 4518 1342 4560 non
1356 4495 1469 4561 recolo.
