3448 5718
894 536 1114 590 PRAEFATIO.

1005 779 1015 845 l

557 944 791 1002 ITINERARIUM
801 949 824 1001 A
836 948 1031 1001 BORDlGALA
1046 946 1321 1001 Htttttosutrtstttn
1336 947 1451 1018 USQUB.

531 1103 561 1167 Si
580 1118 731 1190 temporum
745 1109 881 1187 terminos,
896 1130 915 1170 a
928 1106 1059 1196 nobismet
1074 1105 1138 1190 ipsts
1151 1107 1333 1190 constinetos,¹
1348 1108 1520 1197 observave-

492 1203 589 1283 rimus,
608 1205 720 1287 primus
736 1206 810 1269 nobis
824 1205 921 1269 obuius
942 1205 998 1267 erit
1012 1206 1180 1288 peregrinus
1199 1204 1394 1288 aBordigala
1408 1205 1520 1269 Hiero-

491 1298 636 1383 solymam
646 1301 748 1384 usque,
763 1300 905 1390 quisuum
919 1305 972 1366 iter
983 1325 1055 1364 anno
1067 1320 1125 1386 333
1140 1302 1288 1385 aggreffies
1297 1306 1344 1386 est.
1358 1302 1419 1388 Eest
1428 1316 1519 1366 autem

490 1397 567 1459 initae
577 1400 807 1480 peregrinationis
828 1423 932 1462 annum
953 1400 1106 1489 noscamus,
1130 1422 1182 1460 non
1205 1400 1263 1462 ideo
1283 1401 1359 1464 nobis
1378 1399 1467 1462 multa
1488 1402 1521 1464 de

490 1501 603 1556 aub'bore
624 1497 731 1576 cognita
742 1496 834 1586 sunt,·
854 1497 954 1579 quippe
967 1496 1015 1578 qui
1032 1497 1165 1578 originem
1180 1497 1214 1558 Θ
1227 1498 1408 1588 nomenscire
1421 1499 1520 1581 cupia-

490 1613 551 1653 mus
564 1613 611 1654 nec
626 1592 770 1682 utriusque
783 1594 901 1684 usquam
923 1593 1037 1676 aliquod
1054 1593 1228 1676 reperiamus
1247 1595 1388 1658 indicium.
1410 1591 1456 1658 Ess
1473 1595 1520 1658 iilo

490 1709 544 1749 uno
557 1701 675 1768 tautum,
696 1691 771 1772 quod
783 1692 949 1774 peregrinus
967 1691 1076 1754 itineris
1091 1692 1201 1754 initium
1223 1715 1244 1754 a
1264 1691 1423 1775 Borde'gala
1444 1708 1519 1776 cepe-

490 1787 539 1865 rit,
561 1785 677 1869 legitime
692 1784 843 1878 suspicari
850 1789 997 1872 poffemus,
1011 1789 1090 1851 illum
1110 1788 1297 1872 Aquitaniam
1322 1804 1375 1853 aut
1396 1791 1519 1854 uicinam

489 1884 654 1968 Burdigala
667 1886 802 1967 regionem
813 1887 942 1968 patriam
956 1887 1091 1972 bahnrffl.

531 1981 613 2063 Opus
629 1981 737 2064 quidem
753 1981 826 2045 illud
836 1982 910 2044 nibil
925 1983 1009 2046 aliud
1018 1986 1155 2066 esl,quam
1170 1985 1257 2046 arida
1271 1985 1400 2068 quadam
1414 1985 1520 2048 milita-

489 2077 564 2138 rium
578 2075 704 2141 Romani
721 2079 833 2163 impersj
849 2082 967 2145 uiarum
982 2081 1066 2171 usque
1084 2081 1126 2144 ad
1137 2081 1248 2144 Sanblos
1261 2079 1346 2144 Locos
1368 2081 1520 2172 descriptio,

489 2175 588 2238 addita
599 2175 714 2264 semper
726 2176 888 2266 spatiorum
909 2179 1052 2256 notatione,
1073 2176 1148 2260 quod
1168 2177 1275 2239 nullam
1284 2177 1355 2261 sere
1376 2177 1520 2242 utilitatem

489 2273 620 2359 afferret,
640 2273 693 2360 nist
710 2274 875 2360 exabtiffime
893 2276 1005 2337 numeri
1022 2275 1193 2365 transcripti
1200 2275 1334 2358 fuissent.
1358 2274 1416 2336 Ubi
1429 2290 1519 2340 autem

488 2370 531 2432 esd
541 2369 673 2433 Sanblam
691 2368 815 2433 Terram
829 2384 997 2451 perventum
1010 2373 1058 2452 esi,
1072 2371 1192 2433 locorum
1206 2373 1358 2435 nominibus
1371 2372 1520 2437 milliario-

488 2490 605 2550 rumque
619 2468 798 2532 notationibus
820 2469 914 2531 breuis
931 2469 1065 2532 adiicitur
1083 2469 1257 2532 mirabilium
1279 2494 1376 2532 rerum
1396 2472 1519 2560 descrip-

487 2566 533 2644 tio,
558 2589 610 2627 non
627 2565 691 2652 stne
717 2567 874 2630 uariarum
893 2566 1071 2648 fabularum
1097 2567 1238 2628 relatione.
1267 2566 1424 2632 Fatendum
1450 2591 1519 2632 vero

487 2663 678 2753 descriptiones
694 2665 759 2746 islns
773 2665 890 2726 maximi
902 2663 958 2748 effe
971 2663 1104 2742 momenti,
1128 2665 1225 2748 quippe
1241 2687 1303 2747 quse
1312 2666 1443 2748 genuinae
1450 2665 1518 2750 ſsnt.

487 2761 597 2853 Reipsa
609 2761 689 2825 illam
702 2763 790 2845 operis
806 2775 919 2844 partem
931 2762 1116 2824 tantummodo
1130 2763 1160 2824 in
1175 2764 1309 2828 codicibus
1321 2765 1518 2852 manuscriptis

487 2858 660 2944 Sangallenſs
672 2882 705 2921 esc
721 2857 875 2944 Parifienst
886 2859 1012 2940 reperire
1025 2861 1072 2940 est,
1087 2860 1116 2921 in
1131 2861 1227 2943 quibus
1239 2874 1304 2942 opus
1323 2861 1414 2948 ipsum
1430 2859 1518 2924 Pere-

486 2960 672 3043 grinantium
684 2957 751 3022 libri
762 2957 872 3019 titulum
886 2978 939 3018 non
953 2957 1094 3019 mentitur.

525 3056 617 3140 Quod
630 3057 673 3121 ad
681 3054 860 3118 itinerarium
873 3054 973 3144 ipsum,
992 3055 1106 3136 exceptis
1115 3053 1248 3137 partibus
1258 3077 1321 3136 qua
1332 3054 1519 3143 descriptionis

477 3155 693 3244 sungpertinet,
703 3175 749 3215 nos
762 3153 949 3236 monsaguel,
971 3150 1076 3236 etiamst
1088 3151 1263 3213 anteriorum
1272 3151 1518 3235 editorumopinio-

486 3275 531 3316 nes
543 3252 747 3334 ignoraremus,
760 3250 850 3312 multa
863 3250 939 3312 bodie
953 3249 982 3310 in
995 3249 1044 3330 islo
1055 3248 1220 3334 destderari.
1244 3248 1290 3310 Ex
1303 3250 1346 3329 iis,
1366 3249 1414 3332 qui
1430 3273 1473 3312 me
1487 3253 1517 3313 in

485 3351 538 3415 bas
548 3348 712 3433 explicanda
719 3361 804 3431 parte
809 3348 1020 3432 praecefferunt,
1026 3347 1277 3428 praecipuusatque
1284 3347 1354 3409 idem
1363 3347 1517 3433 utib'ffimus

482 3451 544 3530 fuit
556 3447 688 3511 lluriss.²
706 3445 849 3532 Oblivisci
867 3458 958 3507 tamen
977 3467 1029 3506 non
1052 3445 1176 3507 debemus
1190 3445 1247 3506 iarn
1262 3457 1326 3506 ante
1343 3445 1422 3508 illum
1435 3447 1516 3509 itine-

485 3544 566 3607 rario
580 3565 679 3607 curam
700 3541 804 3625 dedeffe
820 3540 1004 3605 marchionem
1020 3539 1126 3605 Fortia
1139 3539 1291 3617 d'Urban,
1310 3563 1371 3603 cum
1388 3543 1514 3625 propriis

485 3642 553 3705 thri
565 3642 712 3704 editoribus
725 3639 796 3702 Em.
810 3639 917 3704 Miller
928 3641 961 3702 Εἴ
976 3638 1209 3722 [ερίςᾳνονκηι
1224 3640 1331 3721 quidem
1342 3641 1515 3702 correctiones

482 3739 587 3826 saepius
596 3739 709 3800 nimium
716 3739 837 3801 audaces
846 3739 920 3800 nobis
929 3737 1138 3827 uisaefuerunt.
1148 3753 1162 3802 ³
1174 3735 1282 3802 Miller
1294 3739 1452 3820 cutemqui
1462 3759 1514 3798 uno

523 3885 573 3940 sId
586 3885 621 3938 est
633 3888 671 3940 1v
680 3885 733 3955 poll
745 3883 870 3940 Christum
879 3899 967 3940 nutum
1028 3887 1103 3938 deees
1113 3895 1191 3938 teretes
1198 3901 1266 3938 avec
1275 3883 1425 3938 litlebraire
1437 3886 1515 3937 Μι-

484 3965 611 4024 laudum.
1029 3965 1093 4018 tonin
1110 3965 1214 4018 &avec
1225 3965 1252 4018 la
1266 3964 1332 4018 table
1343 3963 1515 4034 ‘l'ltiodofimt

520 4067 536 4101 n
561 4045 642 4102 Cuius
666 4045 727 4098 liber
754 4045 786 4098 fic
810 4044 966 4099 intitulatum
1030 4045 1249 4114 (Nimeo‚1868).

484 4129 653 4186 &moriame
685 4127 728 4178 des
760 4125 839 4194 uases
875 4125 966 4194 Apolli·
1066 4125 1145 4189 3Cui
1164 4125 1228 4178 libro
1248 4125 1334 4178 titulun
1354 4125 1402 4178 ests
1419 4123 1516 4178 Recutil

484 4209 568 4264 naires
591 4207 619 4258 ὃ
637 4209 668 4259 ele
687 4204 836 4258 litiairaire
856 4208 889 4259 de
906 4207 968 4259 Bor·
1028 4205 1072 4257 des
1111 4203 1253 4260 itinbraires
1287 4205 1388 4260 ancient
1420 4203 1512 4271 (Pacis,

484 4293 570 4345 dem
582 4283 758 4356 anrusalent,
769 4283 967 4356 &compwatson
1032 4285 1119 4352 1845).
