3296 5700
293 546 580 602 noumrorucou
605 548 630 599 s.
655 547 898 603 wunrancur.
1026 551 1097 628 ²49

57 773 188 868 pientie
215 772 404 870 virgultum.
430 776 542 868 ltaque
574 795 723 869 parentes
739 773 851 846 votiva
868 769 1099 845 desrderiorum

58 881 204 976 implere
212 877 607 978 properabantpromilla‚
619 904 717 976 atque
725 877 893 950 illustrium
905 881 1098 975 quantocius

59 1012 138 1058 cum
165 987 322 1058 consultu
351 987 536 1057 amicorum
562 987 807 1083 carnaliumque
833 989 1098 1083 propinquorum

59 1091 203 1166 consilio
222 1092 267 1165 ad
291 1095 379 1165 sacre
395 1091 573 1166 cenobialis
597 1094 663 1164 vite
688 1093 899 1164 instrumenta
924 1117 1098 1192 preparare

61 1226 163 1298 atque
192 1200 350 1298 perficere
382 1197 583 1272 festinabant
611 1199 861 1295 Confestimque
885 1200 978 1271 illum
1002 1227 1099 1272 vene·

64 1308 172 1380 rando
203 1305 455 1403 fidelissrmoque
480 1309 551 1378 viro
577 1305 778 1380 Theodredo
806 1305 1099 1401 commendabant,

64 1418 119 1488 sua
131 1413 346 1512 providentia
362 1441 440 1486 eum
452 1414 496 1486 ad
508 1411 687 1486 cenobium
700 1413 819 1486 ducere
833 1417 1012 1510 omniaque
1024 1439 1100 1511 pru·

64 1523 183 1594 denter
206 1521 251 1594 de
267 1522 322 1593 sua
338 1523 436 1594 causa
453 1521 637 1621 dispensare
665 1522 904 1620 disponereque
925 1519 1100 1620 rogabant.

66 1627 226 1725 Cumque
250 1627 461 1726 penemssent
474 1633 536 1700 ⁰&
555 1629 649 1701 illum
672 1627 853 1701 ducerent⁶
870 1627 914 1700 ad
942 1627 1102 1699 monaste·

66 1735 161 1824 rium,
188 1736 284 1833 quod
306 1763 443 1811 vocatur
469 1737 657 1824 Waldlret‘m‚
686 1734 876 1808 venerando
893 1732 1004 1807 abbati
1019 1733 1102 1804 illiue

69 1845 266 1934 monasterii,
297 1847 355 1942 qui
376 1869 515 1920 vocatur
532 1842 696 1943 {gwaldf
718 1841 916 1936 offerebant3
940 1843 985 1912 ast
1008 1840 1102 1911 illum

68 1950 120 2023 sue
135 1953 340 2026 condicionis
356 1955 425 2025 iure
446 1954 609 2024 iuniorem
627 1953 680 2023 seu
699 1949 889 2023 obediendo
908 1947 1102 2045 discipulum

71 2059 127 2128 suo
143 2058 361 2132 subdiderunt
372 2062 522 2158 imperio.
537 2061 718 2154 Statimque
730 2059 785 2130 ille
797 2054 900 2132 abbas
916 2055 1101 2144 monasterij

75 2164 254 2238 secundum
269 2168 424 2266 regularis
440 2169 506 2240 vite
522 2165 728 2264 disciplinam
745 2160 932 2236 decimabat
950 2161 1032 2232 dista
1049 2162 1104 2232 sue

73 2275 335 2372 congregationi,
351 2271 471 2371 sicque,
490 2297 526 2346 ut
542 2298 620 2344 cum
638 2297 754 2344 eorum
770 2267 906 2341 consrlio
922 2265 987 2342 stve
1003 2267 1103 2340 licen-

73 2379 114 2449 tia
129 2379 194 2450 hoc
208 2380 306 2471 soret,
323 2379 375 2454 ille
388 2377 566 2478 flagitabar„
584 2380 651 2452 Cui
662 2379 812 2476 protinus
829 2376 937 2448 omnis
950 2373 1004 2446 illa
1021 2399 1103 2446 con-

74 2487 179 2558 ventio
200 2487 338 2558 fratrum
362 2483 455 2556 fimul
471 2485 662 2581 responsum
686 2484 739 2556 seu
760 2483 926 2556 licentiam
953 2479 1103 2554 dabant‘

76 2591 189 2688 sueque
204 2593 385 2666 voluntatis
408 2590 545 2664 arbitrio
563 2591 677 2662 omnia
698 2592 770 2662 sore
792 2591 839 2661 sas
866 2586 1033 2682 dicebam,
1049 2615 1103 2660 ac·

77 2721 271 2796 ceptumque
289 2699 392 2792 illurn,
410 2701 504 2771 ocius
519 2701 603 2771 inter
619 2694 791 2770 cenobiale
808 2697 874 2768 vite
891 2721 1006 2768 eorum
1023 2721 1103 2768 corr

78 2803 206 2876 sortium
223 2805 409 2904 iungendo,
427 2803 602 2880 sociabant.

218 3035 263 3108 V.
284 3039 391 3107 sacris
404 3037 517 3107 lt'rrerr's
531 3035 564 3106 se
580 3036 752 3107 monaclali
767 3039 830 3106 vr're
845 3030 996 3106 inherens

126 3218 195 3290 Post
209 3221 272 3293 hec
289 3222 401 3318 itaque
419 3236 520 3292 cumr
530 3246 612 3318 puer
627 3219 684 3290 iste
700 3217 850 3316 pudicus,
868 3242 929 3289 ceu
946 3216 1107 3314 perfeslut

86 3323 171 3396 sacris
195 3327 374 3400 litterarum
400 3327 511 3400 studiis
532 3324 674 3398 imbutus
701 3350 799 3422 atque
822 3323 977 3414 eruditus,
1002 3323 1106 3396 sacrat

87 3429 230 3504 Dauidici
240 3437 393 3506 carminis
402 3436 539 3531 paginas
551 3434 671 3504 sollerti
687 3434 805 3504 mentis
817 3432 998 3504 intentione
1013 3457 1106 3528 pera·

83 3561 180 3631 grans,
210 3541 268 3612 sed
285 3545 319 3613 dc
346 3543 445 3613 etiam
474 3541 537 3612 alia
562 3539 672 3613 divine
696 3541 777 3638 legis
802 3537 1106 3638 hagiographorum

83 3647 273 3720 armariolal
291 3645 486 3746 indagando
514 3645 578 3720 srve
608 3647 752 3744 legendo
782 3646 916 3742 procaci
938 3643 991 3714 ille
1017 3644 1106 3715 sensu

86 3749 352 3846 sophyrusmente
363 3751 734 3852 moderatuaindagat‚¹'
748 3757 783 3826 dt
792 3775 902 3824 tamen
915 3775 987 3822 uon
999 3749 1107 3822 adhuc

84 3856 293 3952 plurimorum
309 3887 395 3936 erate
411 3887 576 3934 annmum
593 3861 792 3959 grandevus,
812 3857 880 3948 sed,
902 3855 985 3931 sacru
997 3855 1108 3932 dirim

120 4173 141 4206 a.
158 4160 363 4230 aparuerunt.
382 4191 414 4202 -·
435 4163 460 4213 b.
476 4163 501 4214 C.
516 4161 561 4212 du·
625 4161 686 4212 bant
700 4163 725 4212 d.
741 4161 767 4211 in
779 4161 804 4211 C.
817 4159 881 4210 -f.
896 4155 991 4209 Titulus
1004 4157 1031 4207 d.
1046 4152 1072 4206 in
1081 4155 1108 4207 C.

88 4235 214 4292 cebant-
229 4257 252 4294 c.
268 4243 295 4294 C.
308 4241 435 4310 Egimld.
447 4269 482 4280 —
495 4241 519 4292 d.
535 4242 561 4293 C.
623 4269 659 4280 —-
671 4257 696 4309 g.
711 4240 806 4293 tzade.
817 4237 937 4308 protinus.
952 4263 982 4275 -
996 4235 1020 4287 h.
1031 4237 1059 4288 C.
1068 4249 1108 4284 ar-

91 4311 207 4385 disciplinu
225 4320 268 4372 sua
285 4319 415 4373 claruerat
434 4349 470 4360 —-·
481 4336 502 4373 e.
516 4319 563 4372 da·
625 4319 750 4372 mariolat.
762 4349 798 4358 -
811 4317 826 4369 i.
842 4319 869 4370 G.
882 4316 1028 4384 indagabat.

970 4435 1001 4485 32
