3446 5706
529 568 739 623 uucnouns
763 567 909 620 vunnu.
1158 569 1226 644 401

204 790 224 855 Ι.
238 809 267 874 5,
281 789 348 853 sunt
361 789 433 873 deest
445 788 488 866 X,
505 789 541 867 Y,
554 785 595 864 Δ,
610 787 748 850 scribitur
761 784 795 849 A

202 879 315 964 Figura
328 881 400 964 deest
412 878 445 942 A

204 968 224 1031 l.
239 989 269 1052 9,
284 965 436 1031 bafilicam
450 967 493 1046 X,
512 969 547 1047 Y,
560 966 593 1030 A.

204 1058 223 1121 l.
243 1076 289 1136 10,
303 1056 455 1139 conpledl.
470 1057 581 1119 localia
598 1057 633 1118 Y.

203 1148 223 1210 l.
242 1166 287 1225 11,
300 1146 433 1209 eiusdem
450 1161 533 1229 petre
548 1145 600 1222 Χ,
613 1181 652 1192 -
668 1143 825 1208 Dominus
840 1142 1011 1228 flagellatus
1026 1143 1067 1205 est
1088 1142 1131 1221 X,
1150 1144 1184 1220 Y,
1203 1140 1236 1204 A

205 1235 225 1301 l.
244 1256 289 1318 15,
304 1235 403 1320 agello
423 1237 453 1296 Y
452 1235 555 1311 ,-Χ
565 1235 659 1298 babet:
675 1233 726 1296 De
737 1255 810 1316 agro
826 1235 879 1316 qui
894 1255 985 1316 grece
1000 1232 1111 1296 dicitur
1122 1231 1238 1294 Achel-

243 1326 359 1388 demac.
374 1361 415 1371 -
429 1324 647 1387 Achedemach
663 1323 774 1385 dicitur
788 1321 821 1385 A.

203 1413 224 1477 l.
242 1431 288 1498 17,
301 1414 509 1497 frequentatus
522 1412 568 1474 vir
582 1413 623 1476 X.

658 1611 688 1682 P.
713 1608 797 1684 161:

202 1803 224 1867 l.
239 1822 268 1883 2,
282 1804 337 1867 Ioco
351 1820 402 1867 aut
416 1804 499 1867 babet
511 1803 550 1866 X
559 1825 596 1867 an
604 1832 614 1881 3
628 1826 666 1867 ex
681 1803 748 1887 ipsis
763 1818 815 1884 aut
830 1800 863 1866 A

201 1893 224 1957 l.
239 1912 268 1978 3,
282 1893 483 1978 negligentius
508 1894 544 1972 Y,
568 1892 777 1976 neglegentius
792 1893 832 1969 A,
853 1893 970 1955 humati
985 1893 1028 1966 A,·
1052 1892 1139 1976 super
1158 1907 1238 1956 terre

244 1984 353 2046 faciem
379 1983 540 2066 putrefadli
560 1983 693 2047 iacentes
708 1983 857 2045 inhumati
871 1982 915 2061 X,
934 1984 966 2044 Y.

203 2071 224 2134 l.
237 2093 267 2152 4,
281 2073 390 2136 faciem
406 2072 564 2154 putrefadti
581 2071 712 2135 iacentes
726 2070 759 2135 A

204 2160 224 2223 l.
238 2178 291 2243 5·7
306 2162 406 2248 desunt
417 2161 460 2240 X,
478 2163 509 2222 Y
512 2189 522 2238 3
537 2160 556 2223 l.
572 2179 600 2244 7,
614 2160 710 2247 definit
722 2159 754 2224 A

203 2248 224 2311 l.
238 2249 268 2328 8,
282 2249 319 2312 ad
334 2252 406 2336 deest
423 2251 457 2312 Y.

206 2338 227 2402 l.
240 2360 270 2423 9,
285 2339 437 2403 Ramatha
451 2340 493 2404 X.

208 2428 227 2490 l.
246 2447 291 2507 10,
305 2429 466 2493 intervalla
479 2430 528 2508 Χ,
539 2467 581 2477 -
594 2428 688 2492 valles
703 2451 827 2514 quoque
842 2429 958 2513 spinose
971 2432 1042 2517 deest
1054 2431 1096 2494 X.

205 2517 225 2580 l.
244 2537 288 2596 11,
303 2517 516 2583 Tamniticam
531 2519 583 2596 Χ,
597 2519 785 2582 Tamnicam
805 2521 835 2580 Y
838 2547 848 2596 ;
862 2556 902 2565 -
916 2518 1002 2582 aliter
1014 2541 1088 2583 vero
1103 2521 1145 2584 X.

205 2605 225 2668 l.
244 2625 288 2686 14,
304 2605 406 2690 aliqua
421 2609 589 2692 reperiatur
603 2608 655 2684 Χ,
678 2607 875 2691 respiciantur
901 2610 939 2684 Υ,
962 2645 1002 2654 -
1024 2607 1187 2692 asperaque
1206 2610 1239 2672 Y.

205 2694 225 2759 l.
245 2695 290 2772 16,
303 2694 432 2760 laciores
448 2699 489 2760 Χ.
1242 2705 1247 2725 ’

207 2785 228 2849 l.
247 2801 293 2866 17,
312 2785 342 2844 Y
351 2784 435 2848 babet
447 2786 485 2849 de
500 2801 606 2849 monte
621 2786 805 2864 Olivarum;
819 2823 857 2834 -
877 2786 915 2848 X
925 2800 1016 2850 autem
1031 2808 1090 2869 quc
1113 2787 1153 2849 ibi
1174 2785 1240 2848 nus·

248 2888 356 2936 cantur
370 2876 504 2939 arbores.
519 2911 559 2922 -
573 2875 634 2938 Hic
647 2876 743 2960 incipit
754 2876 790 2938 Β.

207 2963 227 3026 l.
247 2981 292 3046 19,
306 2961 425 3028 sanstus
440 2963 585 3028 Arculfus
599 2965 642 3044 X,
659 2967 694 3044 Y,
708 2965 744 3028 Β.

207 3054 228 3118 l.
244 3068 292 3130 20,
306 3051 390 3116 ordei
410 3055 454 3130 Υ,
468 3054 589 3138 lateque
602 3054 639 3116 Β.

207 3140 227 3203 l.
242 3159 290 3219 21,
305 3141 444 3206 bruscosa
457 3143 499 3207 X.

208 3229 228 3292 l.
244 3246 294 3311 23,
308 3231 449 3310 quamvis
464 3233 603 3295 videatur
616 3231 653 3294 Β.

173 3397 185 3410 .
207 3315 227 3381 l.
243 3337 292 3398 24,
306 3322 493 3402 geometrice
506 3321 543 3384 Β.

207 3404 292 3487 l25,
304 3407 549 3472 demensionibus
563 3409 607 3489 X,
626 3412 659 3472 Y.

208 3495 230 3558 l.
245 3497 451 3581 26,·angustus
466 3498 582 3582 equalis
597 3514 698 3561 tamen
713 3498 836 3563 videtur
850 3498 1010 3562 altitudine
1024 3498 1061 3561 Β.

207 3587 227 3648 l.
242 3602 291 3669 27,
306 3586 478 3651 interladlet
491 3587 534 3650 X.

656 3728 796 3859 1162:

208 3965 306 4046 l.1-2,
329 3969 366 4031 Χ
386 3967 470 4032 habet
489 3969 542 4031 De
562 3984 667 4031 monte
696 3967 835 4044 oliveti,
868 3963 898 4029 Y
921 3981 1012 4032 autem
1036 3965 1160 4030 xxlll.
1189 3968 1242 4032 De

248 4054 319 4120 loco
328 4058 484 4120 dominice
496 4057 687 4121 Ascensronis
696 4056 726 4120 dc
735 4054 861 4119 ecclesia
871 4058 946 4120 eius.
959 4093 993 4104 —
1009 4055 1120 4120 l'irulus
1126 4058 1198 4138 deest
1203 4057 1241 4119 Β.

207 4144 227 4206 l.
241 4144 423 4224 6,videlicet
436 4146 567 4210 rotunde
585 4147 650 4210 add.
667 4146 705 4208 Β.
721 4183 762 4193 -
780 4145 892 4209 Deinde
914 4169 976 4229 qua
988 4143 1151 4232 sequuntur
1165 4147 1245 4209 addit

247 4232 298 4296 X:
313 4233 442 4297 altitudo
464 4251 568 4318 aperta
582 4233 775 4314 monstratur,
794 4257 852 4298 nec
876 4255 1024 4318 umquam
1049 4247 1169 4316 poterat
1192 4253 1243 4296 aer

248 4319 352 4404 aliquo
369 4319 498 4384 artificio
517 4321 631 4401 claudi,
649 4338 684 4385 ut
704 4323 742 4384 ab
762 4323 905 4386 omnibus
929 4325 960 4386 in
982 4321 1090 4386 eadem
1118 4319 1245 4386 ecclefia

1072 4471 1102 4523 51
