3354 5706
523 525 592 598 218
845 538 951 592 neon
976 536 1226 590 vannnnnmrs

522 783 565 850 lll.
592 786 643 850 ‘De
672 781 802 874 templo,
831 782 869 848 de
894 784 1030 850 oratorio
1054 781 1287 848 sarracenorum
1298 831 1308 864 ,
1338 781 1376 847 dt
1400 779 1572 872 bethesda

564 892 703 982 piscino,
721 891 759 955 de
768 889 860 978 fonte
878 887 975 975 siloe,
992 889 1030 953 de
1046 887 1166 981 ecclestr
1175 889 1271 978 super
1286 911 1412 954 montem
1431 890 1521 955 Sion

636 997 783 1087 fundura,
801 995 839 1062 de
854 995 922 1064 loco
937 995 1142 1087 lapidationis
1150 996 1256 1087 suntsi
1272 997 1427 1086 Stepltrni,

895 1101 932 1169 de
949 1102 1049 1170 medio
1066 1102 1177 1170 mundi.

572 1271 645 1346 Hec
671 1269 807 1366 quidem
833 1271 957 1362 omnia,
984 1294 1048 1364 que
1072 1270 1421 1360 commemoravimus,
1446 1269 1574 1340 santra

522 1377 599 1448 loca
612 1401 701 1450 entra
713 1401 865 1448 montem
877 1377 956 1448 Sion
968 1371 1074 1474 posita
1085 1400 1269 1465 cernuntur,
1282 1401 1350 1472 quo
1363 1375 1393 1448 se
1405 1373 1450 1446 ad
1463 1377 1576 1472 aqui·
1666 1355 1667 1400 ³

522 1483 636 1556 lonem
663 1482 818 1555 deficiens
842 1482 909 1554 loci
935 1507 1045 1554 mmor
1069 1483 1223 1579 porrexit.
1251 1487 1285 1554 ln
1305 1482 1451 1554 inferiori
1482 1509 1576 1554 vero

525 1613 617 1686 parte
632 1588 729 1682 urbis,
746 1586 802 1660 ubi
818 1591 958 1684 ternplum
976 1591 1009 1662 in
1027 1589 1146 1661 vicinia
1163 1591 1246 1660 muri
1263 1585 1303 1662 ab
1322 1589 1447 1662 oriente
1463 1589 1577 1660 loca·

524 1722 594 1769 tum
614 1694 739 1793 ipsique
756 1693 839 1788 urbi,
858 1693 988 1768 transtu
1005 1697 1130 1792 pervio,
1149 1717 1251 1792 ponte
1269 1691 1434 1770 mediante
1452 1695 1576 1768 fluerat

524 1805 750 1893 coniunilum
768 1826 856 1873 nunc
873 1799 918 1874 ibi
933 1808 1094 1874 sanarent·
1111 1800 1306 1898 quadratam
1319 1801 1473 1892 domum,
1491 1801 1575 1874 sub

523 1913 616 1983 tediis
635 1908 771 1982 tabulis⁶
797 1911 831 1980 ἃ
853 1911 982 2007 magnis
999 1906 1140 1981 trabibus
1163 1909 1257 2008 super
1274 1907 1432 2005 quasdam
1449 1910 1574 1980 ruina-

523 2045 596 2090 rum
621 2017 771 2112 reliquias
788 2015 845 2086 vili
862 2040 961 2112 opere
980 2015 1211 2106 construentes,
1232 2017 1382 2088 oratione
1403 2015 1573 2112 frequen·
1667 2069 1668 2102 r

525 2149 606 2217 tant,
624 2150 688 2220 que
705 2123 764 2194 tria
781 2121 881 2194 millia
897 2121 1071 2194 hominum
1089 2147 1206 2220 capere
1223 2120 1357 2195 viderur.
1376 2121 1481 2196 Pauce
1499 2123 1575 2194 illic

525 2232 657 2302 cisterne
678 2231 712 2301 in
738 2227 831 2301 usum
856 2254 1016 2324 aquarum
1038 2252 1221 2301 cernuntur.
1243 2233 1277 2299 ln
1301 2229 1418 2301 vicinia
1441 2231 1573 2328 templi

525 2341 692 2433 Bethsaida
704 2339 826 2430 piscino
844 2335 979 2433 gemino
996 2331 1128 2433 insignis
1150 2335 1224 2406 lacu
1241 2359 1388 2433 apparet,
1411 2360 1574 2432 quorum

524 2445 604 2518 alter
620 2440 762 2514 hibernis
779 2441 971 2539 plerumque
992 2441 1146 2538 impletur
1162 2440 1330 2534 imbribus,
1347 2441 1426 2517 alter
1447 2441 1568 2515 rubris

525 2550 571 2622 est
583 2548 724 2622 discolor
736 2552 840 2646 aquis.
853 2547 906 2622 Ab
921 2576 959 2622 ea
970 2549 1077 2622 fronte
1088 2549 1211 2622 montis
1219 2549 1310 2642 Sion,
1323 2576 1387 2646 que
1398 2576 1573 2650 prerupta

526 2682 606 2754 rupe
633 2657 826 2728 orientalem
850 2657 986 2754 plagam
1012 2655 1145 2754 speslat‚
1172 2657 1256 2730 intra
1277 2683 1388 2730 mutos
1404 2681 1515 2754 atque
1533 2661 1572 2732 in

525 2762 687 2836 radicibus
703 2763 795 2836 collis
798 2769 877 2858 sons
890 2767 913 2834 S
914 2766 976 2835 iloe
993 2763 1189 2859 prorumpit,
1206 2765 1263 2860 qui
1275 2762 1452 2836 alternante
1473 2790 1574 2862 quo-

526 2869 604 2944 dam
622 2895 781 2967 aquarum
798 2867 925 2942 accessu
938 2871 972 2942 in
986 2867 1157 2943 meridiem
1177 2867 1258 2962 fluit,
1276 2868 1311 2942 id
1328 2871 1372 2942 est
1388 2895 1458 2942 non
1470 2871 1574 2970 iugi-

574 3302 609 3368 ln
626 3297 781 3393 superiori
798 3300 920 3371 montis
935 3299 1014 3369 Sion
1032 3296 1166 3393 planitie
1184 3295 1424 3368 monachorum
1441 3297 1573 3374 cellule

525 3404 709 3501 frequentes
726 3401 894 3476 ecclesiam
911 3429 1069 3502 magnam
1095 3401 1309 3496 circumdant,
1332 3403 1407 3495 illic,
1432 3427 1467 3474 ut
1487 3431 1574 3501 per-

525 3509 649 3601 hibent,
663 3505 704 3580 ab
718 3511 873 3607 apostolis
887 3507 1070 3602 fundatam,
1083 3534 1124 3582 eo
1140 3508 1233 3605 quod
1248 3507 1293 3581 ibi
1309 3511 1453 3607 spiritum
1466 3511 1574 3586 sanc·

525 3643 596 3689 tunt
615 3618 801 3713 acceperint
813 3616 924 3714 ibique
943 3617 1051 3690 sanila
1064 3617 1165 3689 Maria
1183 3615 1312 3688 obierit:
1330 3619 1363 3690 in
1382 3621 1574 3714 quaetiam

523 3724 618 3796 locus
633 3748 713 3794 cene
727 3725 866 3796 Domini
879 3721 1070 3797 venerabilis
1080 3721 1266 3795 ostenditur.
1281 3722 1345 3796 Sed
1357 3727 1392 3796 dt
1406 3725 1574 3800 columna

526 3841 710 3902 marmoren
735 3831 770 3902 in
787 3827 900 3902 medio
918 3831 977 3902 ssat
994 3826 1135 3921 ecclesie,
1152 3831 1204 3901 cui
1221 3830 1379 3904 adherens
1396 3833 1572 3907 Dominus

526 3933 708 4034 flagellatus
737 3937 789 4008 est.
832 3937 937 4008 Huius
967 3962 1048 4035 ergo
1080 3934 1210 4009 ecclesie
1240 3937 1311 4009 talis
1345 3937 1461 4011 dicitur
1495 3939 1570 4014 ell'e

526 4041 658 4144 figura!

561 4231 584 4266 ι
600 4217 637 4266 Pr.
652 4215 726 4268 subt.
743 4243 776 4258 -
789 4219 814 4268 b.
831 4217 881 4281 M..
898 4217 956 4280 Pa,
970 4218 1010 4280 0.,
1072 4217 1126 4272 bru.
1146 4245 1178 4258 ·-
1191 4233 1214 4271 c.
1227 4219 1274 4284 Μ,
1288 4221 1325 4272 Pr.
1342 4221 1565 4292 knbmfigumu

527 4293 575 4360 1³0,
584 4297 622 4346 ed.
633 4293 690 4366 Bas.
705 4295 810 4364 Col.,·al.
817 4296 891 4349 certis
900 4296 938 4348 nel
947 4295 1010 4368 iugi·
1072 4295 1170 4372 trtltfit.

524 2975 603 3050 bus⁶
628 2980 732 3074 aquis,
756 2975 867 3048 sedin
894 2979 987 3050 certis
1005 2976 1092 3048 horis
1111 2971 1288 3073 diebusque
1310 2974 1421 3050 ebullit
1440 2979 1478 3050 δε
1506 3005 1576 3078 pet
1668 2993 1669 3046 t

526 3109 682 3156 terrarum
707 3108 856 3156 concava
883 3085 919 3154 ἀ
940 3108 1033 3156 antra
1059 3084 1126 3158 satri
1142 3082 1296 3154 durisfimi
1324 3107 1400 3154 cum
1429 3109 1574 3184 magno
1668 3083 1669 3090 '

527 3192 633 3264 sonitu
654 3191 765 3263 venire
781 3189 959 3263 consuevit.
