3354 5706
583 576 655 628 210
999 573 1203 629 ARCULFUS.

583 793 682 846 montis
707 809 837 847 cacumen
859 811 914 847 non
934 793 961 848 in
983 794 1123 864 angustum
1142 796 1313 862 cohartatur‚
1335 795 1377 849 scd
1401 795 1428 849 in
1449 795 1583 848 latitudinem

582 873 708 927 dilatatur
729 872 871 928 stadiorum
885 874 980 944 viginti
998 875 1086 929 trium.
1099 875 1228 929 Altitudo
1243 875 1300 930 eiua
1311 875 1421 946 triginta
1439 874 1515 928 stadiis
1529 876 1585 928 subll

584 965 679 1007 matur.
692 956 725 1007 In
739 953 889 1008 summitate
905 954 1020 1010 eiusdem
1040 955 1139 1010 montis
1151 966 1203 1010 tres
1216 956 1276 1010 sunt
1288 956 1404 1010 celebres
1419 955 1583 1021 ecclescium

583 1032 689 1086 illorum
710 1033 940 1088 tabernaculorum
954 1053 1103 1103 numemm,
1116 1037 1149 1089 de
1163 1037 1261 1107 quibua
1273 1038 1366 1091 Petrus
1383 1035 1466 1089 dixit:
1480 1037 1584 1089 Faciam

583 1113 627 1166 hic
647 1115 701 1167 tria
714 1116 894 1181 tabernacula,
912 1116 960 1169 tibi
973 1135 1059 1183 unum,
1074 1118 1149 1186 Moifi
1168 1135 1255 1184 unum,
1276 1120 1306 1170 ὅ
1319 1117 1394 1170 Helie
1409 1134 1491 1170 um
1502 1117 1528 1168 ln
1538 1117 1585 1168 eiul-

583 1194 644 1247 dem
669 1195 765 1247 montis
784 1194 935 1250 celsitudine
954 1196 1055 1250 sancius
1078 1197 1211 1252 Arculsua
1234 1214 1287 1249 una
1310 1197 1456 1268 hospitatus
1474 1196 1505 1249 eil
1522 1196 1585 1260 nolle,

583 1273 647 1344 quia
662 1275 756 1328 Petrus
769 1276 801 1327 de
813 1275 970 1345 Burgundia
987 1289 1071 1344 ortus,
1083 1278 1231 1331 sauciorum
1242 1277 1364 1331 locorum
1379 1278 1437 1330 eius
1449 1276 1538 1341 duslor,
1547 1293 1584 1328 uon

584 1353 666 1424 ipsum
686 1355 784 1408 sinebat
806 1355 834 1407 in
847 1373 903 1409 uno
921 1356 1040 1427 hospicio
1052 1359 1153 1412 diutius
1164 1357 1308 1424 immorari,
1322 1355 1490 1410 festinationis
1505 1355 1585 1408 intuitu.

582 1433 652 1487 Nam
665 1433 737 1489 idem
750 1436 853 1502 Petrus,
865 1435 1017 1506 relinquens
1030 1449 1149 1508 parentes
1161 1439 1187 1491 ir
1199 1437 1320 1508 patriam,
1331 1437 1416 1508 longo
1429 1437 1480 1490 iam
1492 1448 1583 1506 tenpore

583 1530 630 1585 pro
644 1515 765 1568 Domino
777 1515 841 1568 illuc
850 1516 983 1569 exulabat.
995 1517 1100 1571 Retulit
1109 1518 1190 1572 etiam
1203 1517 1274 1570 idem
1289 1516 1424 1570 Arculfua
1435 1517 1504 1588 quod
1515 1516 1583 1568 viderit

583 1595 752 1660 Damascum,
772 1595 906 1649 civitatem
927 1615 1063 1667 magnam,
1086 1599 1132 1652 ubi
1148 1617 1193 1670 per
1216 1598 1321 1668 aliquot
1333 1597 1477 1669 hospitatus
1496 1595 1584 1648 eldier:

583 1693 636 1745 quc
649 1674 677 1728 in
690 1693 788 1746 campo
798 1675 888 1745 posita,
902 1677 990 1747 amplo
1005 1697 1143 1732 murorum
1159 1678 1261 1732 ambitu
1274 1676 1467 1731 circumcincta
1477 1677 1499 1728 ie
1510 1675 1581 1728 crebrir

582 1755 697 1808 turribus
711 1757 884 1822 communita,
895 1757 999 1829 insuper
1012 1771 1128 1830 quatuor
1141 1757 1294 1812 fluminibus
1305 1755 1514 1810 interfluentibus
1524 1756 1582 1806 dcco·

582 1847 661 1888 ratur.
682 1835 727 1888 Est
748 1835 785 1888 ibi
805 1835 912 1890 ecclesia
930 1836 958 1889 in
978 1838 1079 1892 honore
1099 1839 1178 1892 sancii
1200 1837 1325 1892 Iohannis
1338 1836 1461 1908 Baptista.
1473 1837 1500 1890 A
1515 1845 1582 1888 monte

582 1933 698 1986 namque
712 1917 808 1970 Tabor
827 1918 910 1987 usque
930 1919 963 1970 ad
985 1920 1147 1974 Damascum
1168 1920 1266 1990 septem
1286 1917 1388 1970 dierum
1410 1917 1459 1970 iter
1480 1914 1583 1969 Arcullor
