3434 5704
632 525 740 626 (326)
1177 543 1223 630 39

193 767 235 830 ita
256 765 384 830 sacratus
406 765 518 830 divinis
538 765 668 848 vestigiis
689 766 812 844 dicitur,
835 780 869 828 ut
882 787 1053 849 numquam
1067 767 1128 850 tegi
1143 787 1224 830 mar·

193 875 281 918 more
301 855 396 938 paviri
417 854 576 934 receperir,
600 855 718 936 semper
738 854 863 918 excuffis
880 853 944 918 solo
965 853 1134 938 respuente,
1155 877 1224 939 quae

193 965 302 1006 manus
323 943 492 1006 adornandi
512 941 611 1005 studio
633 944 762 1006 tentavit
787 964 949 1026 apponere.
975 942 1083 1028 Itaque
1103 946 1134 1008 in
1157 961 1223 1008 toto

194 1028 322 1096 basilicae
337 1030 433 1113 spatio
447 1029 526 1094 solus
541 1031 572 1092 in
588 1030 629 1094 sui
644 1030 764 1114 cespitis
778 1030 876 1114 specie
892 1033 992 1096 virens
1008 1048 1180 1114 permanen
1195 1032 1224 1096 dt

192 1117 366 1203 impressam
382 1119 558 1183 divinorum
573 1118 686 1201 pedum
701 1121 930 1184 venerationem
944 1121 1052 1184 calcati
1068 1120 1141 1185 Deo
1156 1120 1225 1204 pul·

192 1209 272 1272 veris
288 1206 445 1292 perspicua
455 1205 583 1270 simul&
597 1207 712 1290 attigua
726 1209 939 1272 venerantibus
954 1231 1045 1273 arena
1056 1209 1225 1290 conservat,

193 1314 227 1360 ut
250 1296 392 1360 veredici
413 1295 514 1378 poffit:
532 1321 544 1353 ι
567 1296 774 1360 Adoravimus
789 1298 840 1360 ubi
861 1297 1008 1361 steterunt
1022 1299 1115 1382 pedes
1129 1300 1222 1363 eius>

193 1383 323 1468 (Psalm,
337 1403 446 1462 cxxxi,
461 1395 499 1466 7).

234 1500 248 1532 ‹
266 1473 324 1536 Sed
339 1473 370 1535 in
385 1472 507 1536 historia
520 1475 620 1538 crucis
634 1473 764 1554 accipite
786 1493 932 1557 magnum
947 1474 1063 1538 &vere
1085 1476 1224 1539 divinum

192 1561 386 1625 miraculum.
408 1560 528 1644 Regina
548 1560 600 1624 illa
617 1562 808 1640 venerabilis,
829 1577 863 1625 ut
880 1563 966 1625 venit
987 1563 1225 1665 Hierqsolymam,

192 1649 409 1734 diligenter&
434 1649 484 1733 pie
508 1649 585 1713 locis
617 1648 679 1712 illic
703 1648 734 1712 dt
759 1651 840 1712 circa
864 1652 1023 1732 omnibus,
1048 1653 1224 1716 divinorum

192 1737 311 1802 curiosa
326 1735 498 1821 insignium,
511 1736 541 1800 dc
555 1735 653 1800 oculis
667 1738 787 1801 haurire
802 1738 931 1821 gestiens
945 1738 1038 1802 fidem
1058 1762 1151 1824 quam
1167 1743 1225 1824 piis

192 1825 315 1890 auribus
336 1825 501 1910 litterisque
525 1843 712 1909 perceperar,
735 1845 857 1888 crucem
873 1825 1003 1890 Domini
1019 1827 1225 1894 studiosrffime

192 1915 346 1997 inquirere
356 1913 461 1978 adorsa
474 1915 525 1978 esb
540 1914 597 1980 Sed
609 1936 679 1997 quae
692 1914 741 1976 via
750 1913 800 1975 vel
814 1915 891 1976 ratio
902 1915 1078 1979 inveniendi
1090 1915 1226 1996 subesset,

192 2024 264 2064 cum
286 2003 377 2066 index
399 2004 528 2067 idoneus
548 2024 641 2066 nemo
662 2001 791 2064 inveniri
808 2000 912 2084 posset,
932 2005 983 2067 ubi
999 2007 1225 2071 memoriam&

192 2111 296 2154 curam
321 2090 469 2175 religiosae
497 2092 691 2156 conscientiae
715 2090 765 2154 vel
789 2091 984 2156 observantiae
1007 2093 1037 2156 δι
1060 2096 1225 2178 antiquitas

192 2179 248 2242 aevi
274 2178 539 2263 &superstitionis
561 2181 663 2261 impiae
684 2181 866 2243 diuturnitas
886 2180 1080 2245 abolevisset?
1106 2183 1225 2246 Verum

193 2267 257 2349 ipso
278 2268 462 2332 omnium&
483 2269 614 2332 terris&
631 2270 738 2332 animis
761 2283 942 2352 opertorum
964 2269 1086 2334 conscio
1108 2270 1139 2334 dt
1154 2270 1226 2334 teste

194 2353 347 2436 Domino,
360 2354 459 2420 fidelis
479 2356 589 2420 mulier
603 2357 738 2420 surdum
752 2357 900 2454 Spiritum
915 2379 968 2441 per
981 2357 1124 2422 affedtum
1140 2360 1225 2442 pium

193 2446 320 2508 meruit:
337 2467 399 2527 quo
411 2444 570 2527 aspirante,
584 2467 654 2508 curn
669 2467 734 2508 rem
748 2445 787 2507 ab
801 2446 935 2508 bumana
948 2447 1134 2510 conscientia
1147 2448 1226 2511 divi·

191 2531 274 2595 nitus
297 2549 445 2596 remotam
471 2533 578 2596 frustra
602 2533 731 2616 diligens
753 2530 928 2616 requisisset,
952 2533 1082 2597 deloco
1107 2549 1225 2598 tantum

193 2619 333 2702 pullionis
347 2621 460 2682 certior
473 2620 539 2683 fieri
552 2621 674 2684 studuit.
688 2617 797 2703 Itaque
809 2642 871 2684 non
886 2620 984 2684 solum
995 2622 1033 2685 de
1045 2623 1226 2688 Christianis

192 2707 335 2772 dodlrina
347 2709 377 2770 dt
391 2709 546 2772 sandlimte
569 2709 677 2792 plenos
696 2709 789 2786 viros,
810 2707 857 2772 sed
873 2710 956 2772 &de
974 2707 1085 2774 ludaeis
1107 2711 1225 2794 peritis-

191 2794 300 2874 simos,
309 2813 341 2860 ut
356 2798 497 2879 propriae,
511 2818 573 2882 qua
587 2798 683 2860 miseri
696 2797 725 2860 dt
737 2795 915 2880 gloriantur,
929 2799 1095 2881 impietatis
1110 2799 1225 2864 indices

191 2882 363 2967 exquisivit,
394 2884 424 2948 dt
448 2887 562 2950 accitos
592 2888 621 2948 in
645 2885 871 2976 Hierosolymam
902 2887 1107 2970 congregavit.
1136 2887 1225 2950 Tum

192 2972 333 3034 omnium
356 2994 417 3036 una
439 2973 562 3050 deloco
578 2973 794 3036 testificationis
816 2975 860 3054 (id
877 2977 915 3056 esi
934 2976 1067 3057 martyrij
1082 2975 1138 3063 seu
1160 2975 1225 3058 pas·

191 3057 294 3139 sionis,
318 3062 468 3149 utsupra)
492 3061 682 3142 confirmata,
704 3062 891 3140 iullirillico,
914 3081 1041 3145 urgente
1055 3059 1117 3126 stne
1131 3063 1225 3126 dubio

193 3167 354 3232 conceprae
369 3149 565 3214 revelationis
582 3149 734 3228 instindlu,
751 3151 780 3214 in
797 3151 893 3233 ipsum
908 3150 1013 3214 locum
1027 3172 1154 3234 operam
1168 3151 1226 3214 sos-

192 3233 285 3299 lionis
315 3239 452 3320 accingi;
481 3255 643 3321 parataque
669 3261 742 3300 mox
770 3239 885 3302 civium
914 3241 1027 3321 pariter
1050 3240 1079 3303 dt
1103 3239 1223 3303 militari

192 3345 299 3404 manu,
313 3325 398 3388 brevi
413 3325 549 3389 laborem
568 3327 650 3391 istius
664 3325 833 3390 molitionis
848 3324 959 3404 hausrtr
980 3328 1010 3392 dt
1023 3343 1130 3391 contra
1144 3327 1226 3411 spem

193 3414 351 3492 omnium,
378 3413 426 3476 sed
453 3415 616 3478 secundum
643 3415 732 3497 ipsius
760 3431 879 3478 tanturn
903 3415 1017 3498 reginae
1040 3414 1143 3496 fidem,
1166 3414 1227 3480 alta

190 3499 348 3584 egestione
362 3501 499 3566 reseratis
515 3519 600 3565 terrae
614 3501 735 3580 furibus,
755 3503 866 3566 abditae
880 3503 980 3568 crucis
995 3525 1105 3566 arcana
1118 3522 1225 3587 patue-

194 3606 274 3652 runt.
291 3588 349 3652 Sed
365 3611 438 3653 cum
453 3607 512 3652 tres
527 3592 638 3672 pariter
652 3611 771 3670 cruces,
786 3607 818 3655 ut
831 3592 988 3674 quondam
1002 3591 1069 3654 sixae
1084 3589 1226 3656 Domino

192 3676 223 3740 dt
244 3675 411 3742 latronibus
422 3678 575 3758 steterant,
586 3696 714 3760 repertae
726 3676 854 3760 fuissent,
868 3679 1029 3762 gratulatio
1039 3695 1226 3762 repertarum

192 3767 289 3850 coepit
315 3767 403 3830 maxia
428 3766 619 3830 dubitatione
639 3768 799 3847 confundi,
822 3769 898 3832 iusto
924 3769 1045 3852 piorum
1069 3785 1165 3848 metu,
1187 3791 1227 3834 ne

193 3851 316 3918 sorsrtan
340 3872 392 3918 aut
416 3877 471 3938 pro
490 3877 582 3919 cruce
597 3852 729 3918 Domini
745 3856 916 3938 patibulum
931 3855 1058 3920 latronis
1072 3855 1228 3940 eligerent,

194 3958 246 4006 aut
261 3942 387 4006 salutare
408 3942 526 4026 lignum
549 3963 603 4025 pro
621 3943 722 4027 stipite
742 3943 867 4007 latronis
882 3943 1054 4008 abiiciendo
1069 3943 1226 4008 violarent.

193 4030 338 4114 Respexit
364 4032 428 4113 pias
451 4030 581 4095 fideliter
602 4031 794 4095 aestuantium
816 4053 904 4096 curas
928 4032 1096 4111 Dominus,
1120 4032 1149 4096 dt
1173 4030 1226 4117 ipsi

194 4119 392 4202 potissimum,
410 4141 479 4204 quae
495 4137 557 4183 tam
574 4121 631 4202 piae
646 4119 858 4186 sollicitudinis
879 4121 1020 4204 princeps
1042 4135 1117 4198 erat,
1137 4121 1227 4186 buius

194 4207 309 4291 consilij
332 4206 436 4274 lumen
459 4209 580 4288 infudit,
605 4224 638 4272 ut
662 4208 795 4294 aliquem
816 4230 922 4272 recens
941 4225 1099 4272 mortuum
1113 4209 1227 4293 inquiri

193 4295 224 4359 dt
236 4297 337 4360 inferri
349 4297 475 4361 iuberet.
490 4297 561 4362 Nec
573 4319 671 4377 mora,
685 4298 813 4362 verbum
824 4297 949 4376 sedium,
963 4297 1092 4362 cadaver
1107 4295 1226 4368 illatum
