3354 5706
280 526 330 578 DE
355 528 459 580 LOCIS
484 527 778 583 TRANSMARINIS
803 529 940 583 sActtts.
1070 532 1134 612 133

97 750 151 812 ubi
172 749 370 832 transierunt,
389 755 490 837 gulsus
511 757 574 818 exit
595 757 633 818 de
656 756 763 840 pelago
786 759 902 820 maiore
924 757 1140 821 &extenditur

98 842 184 904 intus
204 842 239 903 in
257 842 361 904 multis
378 843 501 907 milibus
518 845 638 908 accessis
653 846 769 908 recessrs
781 868 841 929 que
852 847 950 910 habet
963 847 1140 910 Recedente

98 951 186 992 mare
205 947 334 1013 apparet
351 933 450 996 omnis
469 931 630 996 submersro
650 933 823 1013 Pharaonis,
843 935 873 997 δι
890 937 994 997 omnia
1008 957 1092 998 arma
1110 939 1140 999 in

98 1039 259 1080 marmore
268 1034 383 1082 mutata
394 1022 544 1084 videntur.
560 1021 604 1084 lbi
618 1025 792 1105 accepimus
803 1046 898 1088 nuces
909 1025 1019 1087 virides
1031 1047 1091 1107 que
1103 1026 1141 1088 de
1216 1041 1221 1054 ·

98 1105 189 1169 India
211 1124 376 1187 venerunt,
395 1130 470 1191 quas
491 1112 529 1172 de
545 1109 688 1194 paradyso
710 1112 839 1174 credunt
860 1113 1001 1175 homines
1022 1110 1141 1191 effe&

98 1196 151 1278 qui
179 1219 221 1258 ex
248 1198 293 1259 eis
317 1197 479 1280 gustaverit
502 1199 631 1262 satiatur.
652 1198 739 1263 Intus
761 1218 863 1264 autern
885 1205 915 1266 in
941 1201 1005 1286 ipso
1032 1203 1140 1284 pelago

99 1286 229 1348 modica
251 1285 294 1348 est
315 1287 418 1366 insula,
440 1289 469 1350 in
493 1310 553 1371 qua
567 1288 610 1350 est
624 1307 710 1371 petra
724 1291 792 1352 viva
807 1291 859 1352 ubi
875 1292 1010 1373 pendent
1024 1290 1139 1372 lapides

99 1373 213 1438 molles
241 1392 277 1438 ut
300 1397 406 1439 carnes
430 1377 462 1438 in
487 1377 614 1439 modum
640 1377 830 1458 dastilorum‚
858 1381 909 1462 qui
933 1380 1064 1441 fundunt
1085 1401 1142 1440 un-

98 1480 255 1548 guentum
278 1466 361 1546 quod
384 1465 487 1527 oleum
510 1468 662 1546 petrinum
684 1467 848 1550 appellant,
863 1469 914 1550 qui
932 1489 986 1550 pro
1009 1470 1142 1530 maxima

99 1551 322 1618 benedidlione
338 1555 465 1618 tollitur.
481 1557 544 1618 Vas
560 1557 588 1617 in
605 1579 666 1638 quo
682 1573 830 1638 portatur,
844 1555 865 1618 st
879 1556 1039 1640 impletum
1051 1558 1142 1621 fuerit

101 1641 130 1704 ἃ
145 1641 288 1706 volueris
303 1645 457 1725 reiterare,
472 1648 508 1706 ad
525 1645 695 1707 tollendum
711 1646 771 1708 iarn
785 1668 848 1708 non
864 1668 935 1708 eum
949 1647 1040 1728 capit.

139 1725 176 1790 In
192 1753 260 1814 quo
276 1732 346 1794 loco
361 1735 602 1818 quanticumque
617 1735 715 1817 egroti
729 1736 860 1796 maxime
875 1757 935 1818 que
947 1736 1137 1816 energumini

101 1818 279 1903 pertingere
300 1819 421 1904 possunt
442 1822 589 1885 sanantur.
605 1823 679 1908 Que
695 1824 836 1888 tollentes
852 1845 907 1906 pro
921 1823 1136 1886 benedistione

99 1929 162 1968 non
184 1930 261 1970 eum
277 1913 457 1992 permittunt
479 1914 587 1975 iterum
613 1914 737 1975 introire
753 1935 806 1996 per
820 1913 951 1998 Clysma,
972 1929 1135 1995 antequam

101 1997 337 2062 commisceatur
357 2023 429 2063 cum
450 2001 530 2063 oleo.
553 2002 636 2063 Nam
658 1998 679 2062 fi
703 2024 765 2064 non
791 2002 1017 2078 adulteraretur,
1041 2001 1132 2062 credo

101 2087 226 2165 quia&
248 2090 342 2171 ipsam
364 2093 505 2154 virtutem
527 2091 642 2173 semper
666 2093 786 2153 faceret.
812 2090 895 2153 Nam
922 2090 1023 2173 liquor
1043 2087 1133 2172 ipsrus

100 2189 223 2237 tenetur
246 2180 395 2241 continuo
421 2199 474 2261 per
494 2179 512 2263 ij
540 2177 631 2240 milia.
662 2176 744 2240 Infra
768 2179 924 2241 civitatem
952 2178 1045 2260 ipsam
1073 2199 1133 2260 que

102 2263 215 2327 dicitur
241 2265 374 2348 Clysma,
402 2267 482 2330 intus
511 2269 540 2328 in
570 2265 690 2329 basrlica
713 2268 844 2330 vidimus
873 2266 992 2329 loculos
1017 2264 1133 2349 ligneos

102 2351 278 2415 sanc'iorum
302 2355 520 2418 heremitarum
546 2372 664 2436 patrum
689 2355 741 2437 xiij
767 2354 797 2416 δι
822 2355 893 2416 inde
917 2354 1056 2416 venimus
1083 2374 1136 2435 per

103 2443 265 2505 heremum
286 2445 323 2506 ad
345 2443 519 2528 speluncam
540 2445 618 2507 beati
641 2444 726 2507 Pauli
748 2445 911 2523 heremite,
933 2467 992 2527 que
1013 2460 1140 2506 vocatur

102 2532 298 2616 Syracumba.
314 2532 435 2596 Exinde
451 2550 611 2617 pergentes
625 2534 765 2594 venimus
774 2535 810 2593 ad
823 2533 987 2594 cataradtas
999 2531 1076 2612 Nili,
1088 2533 1138 2595 ubi

104 2621 236 2684 ascendit
267 2643 344 2705 aqua
372 2625 407 2684 ad
437 2620 554 2704 signum
579 2643 670 2684 manu
695 2622 829 2684 hominis
854 2621 968 2684 fastum
994 2622 1024 2685 dt
1048 2622 1139 2683 habet

103 2713 212 2794 gradus
240 2713 292 2796 xij.
318 2711 366 2774 Ex
392 2729 518 2795 utraque
546 2728 629 2793 parte
655 2710 782 2793 ipsarum
807 2711 1047 2774 catharadtarum
1073 2711 1139 2772 sunt

105 2803 161 2862 due
175 2802 328 2879 civitates,
344 2823 418 2885 quas
433 2797 582 2864 edificasse
596 2801 702 2862 dicunt
717 2799 792 2863 filias
808 2799 904 2878 Loth,
918 2799 947 2862 δι
962 2822 1022 2862 una
1033 2821 1137 2863 earum

106 2889 216 2953 dicitur
233 2890 414 2974 Babylonia.

142 2977 239 3042 Tunc
252 2980 392 3043 venimus
407 3002 461 3063 per
472 3001 599 3061 campos
610 2977 769 3056 Thaneos,
781 2977 810 3039 δι
822 2978 852 3040 in
864 2978 1003 3059 Nemphi
1019 2979 1142 3040 civitate

106 3069 133 3132 &
148 3073 279 3151 Antino,
296 3074 324 3134 in
338 3095 396 3156 qua
408 3069 554 3135 residebat
566 3069 694 3148 Pharao,
704 3092 741 3132 ex
757 3091 817 3152 qua
827 3069 879 3154 filij
893 3067 982 3132 lsrael
994 3073 1141 3133 exierunt.

107 3153 140 3218 ln
160 3157 230 3241 ipsis
253 3161 330 3224 locis
352 3160 419 3224 sunt
436 3161 546 3222 horrea
568 3159 608 3242 xij
626 3156 733 3240 Ioseph
750 3157 848 3239 plena.
869 3155 905 3220 ln
925 3158 1063 3240 Nemphi
1087 3159 1144 3221 suit

108 3247 255 3329 templum
278 3271 338 3331 que
361 3249 402 3310 est
423 3248 517 3309 modo
540 3244 674 3325 ecclesia,
695 3247 782 3308 cuius
805 3267 864 3306 una
885 3263 973 3328 porta
995 3245 1023 3308 se
1037 3244 1143 3308 clausit

109 3353 174 3398 ante
190 3337 366 3400 Dominum
381 3337 519 3399 nostrum
533 3338 657 3420 quando
679 3335 767 3396 beata
782 3333 884 3396 Maria
898 3357 969 3396 curn
985 3337 1047 3418 ipso
1064 3335 1140 3419 sugit

109 3427 138 3486 in
151 3425 320 3510 Egyptum,
334 3426 473 3489 &adhuc
489 3449 551 3488 non
564 3425 662 3508 potest
672 3425 789 3507 aperiri.
805 3421 851 3484 lbi
867 3425 999 3486 vidimus
1015 3424 1141 3507 pallium

109 3515 219 3576 lineum
235 3517 268 3578 in
285 3538 346 3598 quo
358 3516 465 3578 dicunt
487 3515 573 3577 illurn
586 3531 724 3596 ternpore
740 3513 793 3574 illo
809 3511 837 3574 se
853 3509 1012 3590 terfiffe,&
1027 3513 1142 3576 idcirco

111 3604 148 3665 ibi
170 3605 235 3667 eius
255 3601 423 3666 remansisse
445 3603 577 3688 vestigia.
601 3601 676 3690 Que
690 3625 802 3688 ymago
817 3599 939 3684 singulis
955 3605 1143 3686 temporibus

111 3693 261 3770 adoratur,
277 3691 362 3754 set&
377 3715 433 3757 nos
448 3694 652 3770 adoravimus,
674 3691 715 3754 set
731 3707 857 3774 propter
872 3689 1064 3773 splendorem
1080 3716 1142 3756 non

112 3782 265 3861 potuimus
289 3783 318 3843 in
338 3803 408 3843 eum
424 3783 590 3860 intendere,
605 3783 840 3865 quiaquantum
856 3780 886 3841 in
902 3779 995 3862 ipsam
1010 3783 1142 3865 effigiem

112 3871 250 3950 intendis,
262 3873 439 3934 immutatur
450 3873 480 3934 in
492 3871 590 3934 oculis
603 3873 670 3933 tuis
684 3871 914 3934 Descendentes
927 3889 980 3950 per
988 3869 1144 3954 Egyptum

113 3959 247 4023 venimus
277 3961 308 4022 in
336 3961 458 4023 civitate
487 3961 612 4042 Athlepi
642 3961 678 4020 ad
708 3958 843 4020 sensium
870 3957 1057 4020 Mennatum
1091 3961 1142 4041 qui

114 4047 218 4112 multas
240 4050 368 4112 virtutes
390 4050 430 4111 ibi
454 4065 608 4130 operatur.
633 4045 710 4109 Inde
732 4067 785 4128 per
805 4044 943 4128 stagnum
968 4047 1144 4128 navigantes

115 4136 330 4200 Alexandriam
344 4139 492 4201 venimus.

150 4222 185 4287 ln
217 4227 281 4310 ipso
314 4227 416 4310 stagno
448 4228 580 4291 vidimus
616 4226 844 4290 multitudinem
880 4224 1144 4287 corcodrillorum.

115 4313 298 4378 Alexandria
319 4317 426 4379 civitas
449 4317 585 4399 pulchra,
608 4317 739 4404 populus
762 4317 846 4396 levis,
867 4314 910 4378 set
924 4331 1042 4377 amator
1058 4333 1145 4398 pere-

116 4403 280 4486 grinorum,
294 4403 412 4468 hereses
428 4407 532 4472 multe.
