3448 5718
468 539 530 628 xxij
870 550 1091 604 ennium

467 773 622 857 legerimus,
642 770 815 860 agnoscemus
836 793 896 832 eam
917 769 1054 850 quoddam
1072 769 1168 856 perse
1179 766 1331 853 fingulare
1352 783 1417 850 opus
1439 771 1501 856 effi,

469 872 542 954 quod
553 869 739 933 tantummodo
755 869 784 930 in
797 866 964 952 Londinenst
971 869 1005 930 [q
1016 863 1191 950 Levanimſs
1200 865 1332 928 codicibus
1350 868 1501 950 reperitur,

411 969 413 974 ’
469 991 581 1050 eamque
595 967 731 1052 posterius
748 967 837 1050 nostro
851 966 927 1048 operi
940 965 1101 1028 adiunbtam
1117 963 1209 1047 fueffi
1221 962 1416 1053 suspicamur.
1444 965 1503 1048 Ego

468 1067 575 1148 quidem
590 1064 652 1126 olim
666 1063 746 1127 buius
757 1063 914 1148 posterioris
927 1061 1053 1148 opusculi
1056 1061 1237 1151 scripturam
1258 1062 1423 1142 temporibus
1436 1062 1502 1141 illis,

469 1185 532 1245 quae
536 1162 645 1252 sacras
658 1161 836 1246 expeditiones
852 1160 941 1245 paulo
965 1158 1176 1243 anteceffirunt,
1198 1158 1314 1221 libenter
1339 1159 1502 1245 tribuiffim,

461 1259 519 1349 sed
543 1260 647 1336 diutius
673 1257 818 1320 meditanti
844 1269 949 1319 certum
981 1255 1074 1345 visum
1099 1257 1145 1339 est,
1170 1254 1246 1316 illud
1267 1255 1345 1318 circa
1373 1271 1503 1320 extremos

469 1358 507 1420 X
505 1356 543 1419 ΙΙ
543 1356 649 1447 saculi
659 1377 743 1419 annos
753 1352 1030 1439 composttumsneffi.
1042 1352 1233 1416 Inveniuntur
1243 1354 1351 1436 quidem
1359 1353 1418 1416 iam
1427 1356 1507 1436 apud

469 1453 683 1536 Hieronymum,
703 1453 732 1514 in
752 1451 789 1536 78
806 1450 943 1534 Epistola
963 1451 1005 1513 ad
1015 1449 1173 1528 Fabiolam,
1193 1468 1232 1531 42
1252 1450 1312 1512 illa
1334 1449 1504 1515 mansiones

471 1551 671 1641 Israelitarum
684 1551 714 1612 in
727 1551 760 1613 de
775 1562 831 1612 erto
838 1580 850 1623 ,·
863 1550 892 1611 in
906 1549 954 1610 illo
968 1564 1060 1612 tamen
1074 1548 1173 1627 libello,
1185 1549 1334 1611 narrandi
1343 1551 1417 1611 ratio
1427 1550 1505 1632 longe

471 1650 531 1712 alia
550 1651 595 1735 est.
617 1648 787 1731 Frequenter
805 1648 876 1708 enim
890 1671 923 1708 ex
944 1659 1017 1708 textu
1038 1646 1162 1708 citantur
1182 1645 1235 1707 loci
1256 1668 1373 1728 quorum
1394 1647 1506 1738 quisque

470 1747 604 1829 exegetica
628 1747 734 1808 ratione
759 1745 915 1829 explicatur
922 1775 935 1818 ,·
963 1744 1103 1807 interdum
1133 1744 1214 1806 etiam
1242 1745 1365 1828 propria
1395 1744 1506 1807 nomina

470 1846 669 1929 explanantur.
681 1843 835 1906 Secundum
847 1855 938 1905 autem
953 1842 1004 1906 W.
1017 1844 1056 1904 A.
1067 1841 1281 1920 Nenmannum,
1291 1858 1301 1892 ¹
1313 1841 1342 1902 in
1352 1842 1506 1906 duodecimo

462 1943 572 2032 saeulo
587 1943 679 2025 plura
689 1942 805 2032 scripta
816 1941 953 2024 suerunt,
968 1963 1029 2023 qua
1049 1937 1218 2001 manfiones
1237 1938 1304 2001 illas
1326 1939 1507 2019 continebant,

471 2051 566 2120 opera,
570 2038 681 2126 scilicet
693 2063 712 2100 a
727 2035 752 2100 F
753 2036 872 2116 retello,
894 2041 928 2101 ὅ
943 2039 979 2099 ab
992 2036 1041 2098 illo
1057 2058 1188 2119 anonymo
1203 2045 1315 2098 aubtore
1329 2060 1408 2119 quem
1423 2037 1507 2100 Inno-

471 2135 607 2198 minatum
625 2134 674 2201 VI
690 2135 863 2198 vocavimus.
888 2135 1012 2197 Brevem
1026 2133 1232 2222 descriptionem
1253 2134 1335 2197 buius
1348 2133 1415 2198 Viae
1428 2133 1508 2199 filio-

472 2253 539 2293 rum
553 2229 642 2294 lsrael
652 2231 759 2316 publici
770 2231 841 2294 iuris
855 2231 1018 2315 etiamfecit
1030 2232 1100 2292 dom.
1115 2230 1147 2291 de
1162 2228 1192 2294 V
1190 2235 1289 2312 agaba

512 2327 589 2391 Hac
614 2329 714 2392 ultima
738 2329 882 2418 descriptio
903 2329 937 2390 &i
957 2328 1019 2406 illa,
1034 2350 1119 2408 quam
1133 2328 1214 2411 apud
1228 2325 1335 2391 Theodo
1347 2351 1407 2392 sum
1426 2333 1507 2395 inve-

476 2427 576 2505 nimus,
591 2429 627 2489 ab
643 2428 764 2489 omnibus
779 2427 841 2489 aliis
855 2424 922 2488 mibi
928 2427 1096 2513 separanda
1110 2425 1254 2488 videntur.

515 2523 548 2586 In
556 2525 654 2608 priore
668 2522 810 2610 Tbeodostj
820 2525 906 2607 operis
914 2538 1008 2606 parte,
1019 2523 1100 2586 baud
1108 2526 1211 2613 absque
1223 2549 1330 2608 magna
1341 2524 1509 2612 eonfustone,

473 2623 563 2685 omnia
588 2636 776 2705 exponuntur,
805 2647 837 2684 ex
861 2646 911 2704 quo
922 2621 1068 2706 facillime
1096 2623 1271 2706 intelligitur,
1296 2625 1425 2708 quomodo
1450 2624 1509 2687 alia

473 2723 602 2804 quadarn
613 2720 755 2805 paulatim
775 2720 945 2804 interpolari
964 2743 984 2782 a
1004 2721 1255 2809 transcriptoribus
1268 2723 1418 2805 potuerint.
1435 2721 1510 2784 Con-

426 2825 430 2832 “
463 2818 604 2905 sustonem
620 2817 701 2880 illam
714 2817 743 2878 in
755 2817 898 2900 prioribus
911 2819 1006 2902 nostris
1020 2819 1179 2882 editionibus
1193 2821 1347 2909 observare
1370 2821 1444 2882 nobis
1457 2842 1509 2881 non

473 2917 612 2987 licuerat‚·
635 2937 708 2976 nunc
730 2928 822 2977 autem
834 2914 897 3000 stne
913 2916 1038 2997 periculo
1056 2916 1200 3001 posumus
1220 2917 1342 2980 ordinem
1365 2917 1510 3000 quemdam

473 3015 626 3098 restituere,
653 3036 704 3096 quo
728 3013 883 3076 adiuvante
906 3013 996 3077 multa
1019 3014 1156 3080 intellet‘lu
1173 3015 1318 3099 faciliora
1347 3014 1509 3103 evaserunt.

474 3111 588 3174 Summa
601 3124 692 3173 tamen
714 3121 799 3191 opera
820 3121 950 3172 curatum
972 3111 1018 3196 est,
1040 3134 1074 3172 ne
1088 3112 1239 3193 quidquam
1258 3136 1278 3175 a
1298 3113 1372 3176 nobis
1391 3112 1511 3201 recisum

474 3235 487 3273 e
500 3222 574 3272 textu
588 3206 804 3293 defideraretur.

513 3367 572 3432 His
587 3365 735 3456 ustsumus
748 3383 919 3430 commus
934 3388 940 3428 :

515 3489 540 3528 a.
555 3465 645 3528 Codex
658 3467 687 3527 in
702 3464 859 3528 bibliotheca
873 3465 966 3528 Sancti
980 3465 1071 3546 Galli,
1083 3467 1319 3548 membranaceus,
1331 3485 1399 3553 732,
1411 3493 1440 3532 a.
1451 3469 1506 3532 811

474 3565 687 3654 cmscriptus,s
701 3565 827 3648 98-104;
850 3565 956 3628 lacunis
976 3567 1075 3650 plenus
1090 3569 1137 3652 iste
1157 3569 1248 3647 codex,
1260 3569 1319 3657 sed
1337 3568 1513 3652 antiquitatis

475 3663 564 3753 causo
577 3663 652 3726 utilis
667 3687 701 3726 ac
713 3662 863 3752 preciosus.

515 3760 544 3823 b.
559 3759 649 3823 Codex
664 3762 693 3823 in
708 3759 827 3848 Musae
839 3761 974 3824 Britann.
989 3761 1091 3824 Cottm.
1117 3760 1205 3841 Titus,
1230 3762 1273 3824 D.
1289 3762 1354 3841 III,
1365 3762 1448 3847 8⁰,'s.
1463 3762 1512 3843 68,

476 3860 512 3924 X
510 3858 617 3921 Ill-X
615 3859 634 3921 I
635 3858 666 3923 V
667 3859 739 3949 sac.
755 3857 920 3949 Mendosus,
935 3860 1128 3949 confususque,
1142 3884 1189 3923 nec
1207 3875 1299 3922 tamen
1315 3863 1383 3924 adeo
1397 3861 1510 3924 inutilis.

515 3980 542 4021 c.
557 3957 647 4020 Codex
665 3957 695 4018 in
716 3955 875 4020 bibliotbeca
896 3956 1095 4044 Univerſstatis
1113 3957 1249 4041 Lovanej,
1274 3978 1319 4038 10,
1340 3959 1513 4038 chartaceus,

467 4055 539 4145 saec.
550 4053 636 4118 XVI
645 4055 685 4136 (in
699 4055 771 4117 libro
788 4053 925 4140 Gervastj
940 4052 1128 4140 Tilberienſss,
1141 4054 1193 4119 De
1204 4057 1281 4120 ociis
1292 4055 1514 4140 imperialibus,

515 4212 525 4244 ι
547 4193 700 4262 OEsterreicls.
721 4193 965 4264 Vierteljalerscbrifl
1061 4217 1075 4250 2
1089 4198 1134 4250 Les
1148 4195 1240 4266 Eglises
1249 4199 1280 4250 de
1291 4196 1318 4250 la
1330 4196 1512 4262 ‘Terre-Sainte,

472 4274 614 4406 soerthle.
630 4271 764 4344 Theologie,
785 4291 808 4338 7.
821 4275 961 4345 Jahsgung,
1026 4293 1052 4348 p.
1068 4296 1119 4342 4¹7
1134 4277 1186 4346 sqq.

483 4371 506 4419 3.
550 4367 593 4406 et.
