3296 5700
505 497 577 568 228
829 511 935 564 neon
959 511 1209 565 vertemus

506 698 623 823 fundd,
645 731 824 826 omniaque
841 730 993 820 viventia,
1023 728 1170 802 demersa
1185 729 1261 802 licet
1277 731 1312 800 ἀ
1327 727 1552 802 vehementer

504 836 593 926 illisa,
626 839 731 909 statim
761 836 896 930 resilire3
926 836 1069 933 denique
1099 833 1332 933 Vespasianum
1358 831 1552 934 precepisse

506 942 608 1016 nandi
633 947 766 1043 ignaros
790 946 940 1018 revinslis
958 941 1108 1015 manibus
1141 945 1176 1014 in
1200 942 1406 1041 profundum
1434 941 1552 1034 deiici,

506 1049 652 1146 eosque⁰
668 1051 757 1122 illico
783 1048 1011 1149 supernatasse.
1037 1053 1135 1146 Aqua
1156 1050 1225 1147 ipsa
1244 1049 1351 1122 sterilis
1374 1053 1413 1121 &
1430 1077 1552 1122 amara

505 1158 682 1254 ceterisque
699 1159 793 1253 aquis
810 1156 1025 1230 obscurior&
1044 1154 1131 1254 quast
1147 1154 1258 1228 aduste
1277 1156 1445 1254 preferens
1460 1155 1553 1228 fimi-

504 1262 686 1336 litudinem.
716 1265 839 1364 Vagati
870 1265 965 1361 super
992 1290 1095 1360 aquas
1123 1262 1290 1335 bituminis
1325 1260 1441 1361 glebas
1472 1289 1551 1334 atro

505 1369 633 1466 liquore
651 1397 777 1443 certum
799 1373 853 1464 est,
872 1397 953 1468 quas
971 1371 1095 1468 scaphis
1119 1371 1428 1467 appropinquantes
1450 1371 1552 1442 colli·

507 1502 602 1574 gunt.
622 1479 744 1550 llerere
768 1477 848 1550 fibil
865 1479 1012 1550 bitumen
1026 1482 1061 1551 ἃ
1085 1502 1296 1574 nequaquam
1310 1476 1395 1547 ferro
1420 1476 1552 1573 precidi

509 1583 615 1673 fertur,
641 1586 798 1683 sanguine
828 1611 956 1656 tantum
984 1585 1155 1656 mulierum
1171 1584 1336 1655 menstruo
1365 1583 1421 1654 vel
1451 1585 1552 1655 utine

508 1688 632 1762 cedere.
652 1691 738 1764 Utile
764 1692 808 1762 est
832 1715 942 1763 autem
967 1690 1009 1761 ad
1027 1716 1229 1788 compagem
1247 1691 1379 1762 navium
1396 1691 1453 1764 vel
1472 1717 1551 1761 cor-

508 1794 641 1894 poribus
659 1797 833 1869 hominum
850 1796 1029 1870 medendis.
1043 1798 1153 1869 Servat
1168 1795 1276 1867 adhuc
1288 1798 1380 1894 regio
1399 1798 1551 1894 speciem

509 1929 600 1999 pene.
633 1903 817 1976 Nascuntur
845 1907 933 1976 enim
962 1903 1005 1975 ibi
1030 1921 1150 2001 poma‘
1166 1902 1392 2000 pulcherrima,
1421 1930 1492 2001 que
1515 1907 1551 1976 δι
1638 1959 1639 1968 ,

508 2007 628 2081 edendi
658 2009 871 2106 cupiditatem
901 2009 1120 2107 spedlantibus
1145 2008 1369 2108 generant3fi
1401 2009 1553 2109 carpas,d

508 2115 658 2187 fatiscunt
675 2142 714 2188 ac
731 2118 931 2190 resolvuntur
948 2120 983 2189 in
1001 2120 1156 2208 cinerem,
1177 2116 1368 2212 fumumque
1385 2119 1549 2209 excitant,
1638 2135 1639 2226 q

509 2221 595 2319 quast
617 2221 725 2295 adhuc
746 2223 890 2295 ardeant.
913 2225 996 2296 Sane
1019 2225 1053 2296 in
1071 2222 1186 2295 diebus
1214 2225 1318 2296 estatis
1342 2223 1549 2296 immodicus

509 2354 567 2425 per
588 2329 686 2426 spatia
712 2331 822 2427 campi
847 2331 989 2402 exestuat
1012 2357 1129 2428 vapor,
1164 2329 1252 2402 unde
1280 2335 1315 2403 δι
1340 2333 1551 2403 coalescente

508 2437 589 2508 vitio
619 2437 719 2507 nimie
743 2434 890 2508 siccitatis
919 2461 1016 2532 atque
1048 2437 1140 2508 humi
1168 2436 1258 2510 aride
1288 2463 1460 2538 corruptus
1493 2443 1551 2510 siit

508 2539 705 2614 miserandas
724 2541 839 2616 incolis
857 2542 992 2615 conficit
1009 2543 1218 2642 egritudines.

624 2819 702 2892 Xlll.
729 2824 779 2889 De
793 2821 872 2908 loco,
891 2825 923 2889 in
941 2845 998 2912 quo
1017 2823 1170 2898 Dominus
1186 2823 1354 2916 baptiqanrs
1369 2825 1420 2912 est.

559 3021 593 3088 ln
614 3016 704 3104 loco,
725 3013 760 3084 in
783 3038 851 3108 quo
869 3013 1035 3084 Dominus
1052 3010 1237 3108 baptizatus
1254 3013 1309 3102 est,
1335 3038 1414 3086 crux
1435 3013 1547 3112 lignea
1638 3063 1639 3112 3

510 3123 569 3194 stat
596 3122 697 3217 usque
723 3117 765 3190 ad
791 3119 915 3191 collum
940 3119 1016 3211 alta,
1045 3145 1110 3214 que
1126 3119 1300 3216 aliquoties
1325 3145 1412 3216 aqua
1434 3121 1546 3193 ascen·

511 3225 626 3300 dente‘
642 3223 864 3298 absconditur:
884 3252 904 3297 a
917 3251 984 3322 quo
993 3227 1070 3297 loco
1082 3226 1154 3322 ripa
1167 3226 1299 3298 ulterior
1314 3227 1366 3298 vel
1378 3229 1545 3300 orientalis
1638 3219 1639 3282 l

508 3335 542 3404 in
558 3335 645 3404 iadlu
663 3331 763 3403 funde
779 3333 833 3423 est,
850 3334 1003 3404 citeriorf
1015 3357 1094 3406 vero
1112 3334 1183 3430 ripa
1202 3334 1237 3404 in
1253 3333 1425 3429 supercilio
1446 3361 1543 3406 mon·
1638 3353 1639 3408 ἕ

510 3440 598 3512 ticuli
622 3438 748 3537 grande
775 3445 981 3530 monasterium
1007 3437 1110 3538 gestat
1135 3444 1215 3510 beuti
1235 3443 1381 3512 solantis
1405 3447 1545 3536 liuptt'fle
1638 3439 1639 3506 i

513 3543 644 3618 ecclesia
668 3547 803 3636 clarum,
827 3544 869 3617 de
895 3570 962 3641 quo
988 3570 1045 3641 per
1064 3570 1203 3643 pontem
1218 3543 1357 3618 arcubus
1380 3546 1545 3620 suffultum
1638 3547 1639 3584 l

513 3653 618 3724 solent
636 3650 830 3726 descendere
846 3651 889 3723 ad
906 3651 996 3722 illam
1011 3673 1140 3724 cmcem
1157 3655 1193 3724 ἂ
1209 3667 1329 3724 orares
1348 3657 1383 3724 ln
1402 3679 1545 3726 extrema
1638 3679 1639 3692 ¹

513 3757 655 3831 fluminis
667 3785 759 3856 parte
771 3757 928 3855 quadrata
940 3757 1070 3831 ecclesia
1083 3784 1223 3856 quatuor
1236 3757 1372 3856 lapideis
1386 3761 1543 3833 cameris*

548 4035 575 4078 a,
584 4018 624 4069 Pt.
637 4017 699 4068 add.
715 4033 811 4069 omnes.
826 4045 861 4056 -
875 4017 901 4068 b.
916 4015 996 4082 Grets.
1057 4029 1130 4071 terra.
1144 4050 1180 4060 -
1192 4037 1213 4072 e.
1229 4022 1278 4083 Pes
1297 4019 1332 4072 al.
1345 4019 1542 4074 transcendente.

511 4096 556 4162 ibi,
569 4099 606 4150 Pc.
626 4097 650 4149 e
665 4097 777 4150 herentes
791 4095 842 4149 srbi.
861 4125 897 4135 -
912 4112 935 4148 c.
957 4097 996 4148 Pc.
1057 4100 1122 4152 -f.
1141 4101 1234 4154 Ibidem
1247 4100 1362 4153 euenor.
1387 4131 1422 4139 -
1435 4117 1463 4169 g.
1477 4100 1544 4150 ‘san-
1638 4135 1639 4144 .

512 4177 587 4231 addit
603 4176 716 4246 plutima.
738 4207 774 4216 -
789 4177 814 4230 d.
830 4178 867 4230 Pr.
888 4174 996 4228 addite
1057 4172 1285 4228 mandante
1299 4170 1542 4228 —h.11.oencris
1638 4177 1639 4214 l
