3448 5718
501 505 513 575 l
914 522 1135 576 bonomo.

502 744 563 826 istae
578 743 774 832 translationes
778 741 905 830 sumpta
910 742 1047 826 fuerunt,
1061 765 1080 802 a
1093 741 1168 803 nullo
1182 753 1283 818 autem,
1297 753 1440 822 utcumque
1453 741 1545 804 novi·

503 863 572 919 mus,
583 840 730 925 publicata
745 840 795 903 uel
806 839 873 928 visa
879 840 959 928 sunt.

543 936 602 1022 Etst
625 936 761 1021 plurimos
783 937 928 1026 utriusque
951 938 1039 1020 operis
1063 937 1092 998 in
1112 935 1242 998 manibus
1262 933 1410 997 babuimus
1427 935 1544 1012 codices,

502 1057 554 1096 non
560 1035 677 1123 semper
691 1056 792 1096 veram
808 1033 951 1118 archetypi
962 1033 1078 1120 potuiffe
1090 1056 1136 1095 nos
1146 1033 1323 1119 scripturam
1338 1030 1543 1117 affequisate-

502 1133 604 1194 bimur.
619 1131 735 1216 Quippe
757 1132 811 1211 illi,
835 1155 898 1214 quos
912 1133 1048 1210 novimus,
1063 1131 1162 1194 codices
1176 1130 1323 1192 recentiori
1335 1143 1417 1192 aetate
1434 1131 1544 1217 scripti

492 1232 577 1321 sunt,
591 1252 675 1312 neque
689 1231 722 1292 id
733 1229 866 1318 ascribis
879 1230 1063 1312 diligentibus.
1087 1228 1121 1291 In
1136 1229 1291 1292 lettionibus
1304 1251 1367 1311 ergo
1381 1229 1543 1313 colligendis

505 1351 539 1390 ac
553 1328 741 1415 discernendis
755 1329 830 1390 nobis
850 1351 984 1410 magnam
1005 1343 1078 1412 opem
1098 1328 1254 1391 attulerunt
1272 1326 1332 1390 illae
1345 1350 1451 1410 graecae
1466 1327 1541 1390 noti-

501 1427 557 1501 tia,
579 1447 648 1507 quas
668 1447 721 1488 vv.
735 1425 782 1487 dd.
798 1423 907 1486 Pinder
929 1426 963 1486 fid
984 1424 1108 1508 Partbey
1133 1425 1174 1487 ad
1191 1424 1292 1486 calcem
1303 1423 1371 1512 socae
1393 1423 1541 1489 Hieroclis

501 1522 682 1606 Synecdemi
692 1523 815 1584 editionis
824 1523 1346 1606 recudendascuraveruntffuantum
1354 1524 1540 1607 innobisfuit,

500 1620 654 1684 latinorum
668 1621 788 1682 codicum
807 1619 945 1682 lebtionem
959 1621 1177 1684 emendavimus.
1200 1621 1329 1705 Quando
1342 1636 1444 1702 autem,
1465 1622 1543 1704 quad

500 1720 602 1802 saepius
622 1718 732 1795 accidit,
754 1716 836 1779 nulla
854 1717 947 1781 latina
969 1719 1044 1782 lebtio
1059 1743 1120 1782 cum
1130 1741 1225 1802 graeco
1245 1720 1380 1782 vocabulo
1400 1743 1536 1802 congrue-

501 1819 559 1895 bat,
583 1817 663 1878 illam
683 1838 776 1877 vocem
798 1815 936 1897 elegimus,
960 1839 1023 1898 quae
1041 1841 1136 1898 graeco
1156 1818 1260 1880 nomini
1275 1819 1392 1902 propior
1411 1833 1482 1880 crat.
1500 1819 1536 1880 ln

500 1916 676 1998 emstituendo
700 1929 773 1977 textu
797 1915 916 1977 multam
939 1916 1015 1978 nobis
1038 1929 1112 1999 opem
1136 1915 1259 1993 contulit,
1278 1915 1441 2002 prasertim
1466 1917 1539 1998 quod

498 2013 620 2096 pertinet
644 2015 685 2074 ad
703 2013 828 2075 notitiam
845 2012 1064 2097 patriarchatus
1088 2011 1254 2092 cbctiocbeni,
1278 2013 1357 2094 regni
1370 2012 1537 2075 Armeniaci

500 2111 598 2173 notitia
625 2110 824 2191 Sempadiana,
855 2133 940 2191 quam
962 2111 1012 2173 vir
1036 2110 1198 2195 dobtrffimus
1220 2110 1255 2172 Ε.
1283 2110 1450 2172 Dalaurier
1464 2111 1536 2172 iuris

499 2208 605 2287 publici
608 2207 685 2290 fecit
696 2209 940 2290 commentarioque
954 2209 1050 2270 critico
1063 2208 1232 2288 illustravit
1247 2223 1255 2256 ¹

540 2401 682 2466 Cometes
703 2402 768 2486 mffi
788 2401 1013 2486 Descriptionis
1033 2405 1200 2486 parrochiae
1220 2402 1384 2468 Ierusalem
1404 2403 1434 2467 bc'
1443 2403 1535 2492 sunt:

540 2520 566 2562 a.
581 2498 692 2580 Roma,
707 2499 826 2582 Regina
839 2501 963 2580 Bibliot,
980 2502 1047 2586 196,
1059 2525 1095 2564 m.
1102 2504 1174 2589 saec.
1189 2502 1267 2566 XII.

540 2597 569 2660 b.
583 2597 738 2676 Bruxellis,
754 2599 865 2661 Bibliot.
875 2600 1039 2683 Burgund,
1054 2617 1142 2683 7579,
1156 2601 1274 2688 cb.saec.
1291 2597 1399 2664 XVII.
1418 2596 1447 2661 T
1445 2599 1533 2688 rans-

499 2696 598 2780 criptio
610 2720 628 2757 a
641 2696 821 2781 Bollandistis
828 2698 975 2782 cuiusdam
985 2699 1092 2778 codicis,
1097 2715 1161 2764 ncnc
1171 2701 1199 2762 in
1211 2696 1410 2764 Rubeaeuallis
1420 2699 1532 2784 monas-

499 2793 568 2856 terio
583 2795 738 2879 affervati,
751 2797 780 2858 in
796 2787 856 2879 quo,
872 2811 903 2858 ut
915 2797 949 2858 El
963 2796 1137 2883 insequenti,
1151 2797 1362 2860 continebantur
1374 2794 1445 2856 liber
1459 2796 1533 2858 deci-

499 2913 559 2953 mus
571 2895 718 2975 aquodam
731 2893 988 2976 anonymoRoberti
994 2895 1121 2958 monacbc'
1131 2895 1274 2959 Historiae
1285 2895 1406 2974 additus,
1418 2891 1534 2957 Fretcll

499 3005 564 3074 opus
578 2991 790 3077 amplificatum,
802 3013 835 3055 ac
850 2992 946 3055 multa
956 2992 1142 3081 episcoporum
1153 2993 1326 3076 locorumque
1328 2993 1427 3080 series.
1442 2991 1534 3055 Codex

494 3089 718 3172 genuinusforto
732 3087 806 3151 XII
808 3089 916 3178 saeculo
921 3089 1050 3178 scriptus
1052 3090 1169 3174 fuerat.

538 3206 565 3246 c.
583 3185 736 3265 Bruxellis,
750 3187 830 3266 ibid,
842 3187 932 3270 9827,
945 3187 1061 3277 cn.saec.
1076 3186 1155 3252 XII.

540 3280 569 3342 d.
586 3280 715 3367 Paristis,
729 3283 806 3346 Bibl.
823 3281 908 3359 Nat,
922 3283 972 3346 lat.
986 3301 1075 3367 5129,
1088 3283 1202 3372 msaec.
1218 3282 1295 3346 XII.

539 3397 565 3439 e.
580 3375 688 3458 Remis,
702 3380 779 3442 Bibl.
793 3381 934 3464 municip,
947 3379 1016 3460 821,
1042 3381 1156 3470 msaec.
1171 3380 1250 3444 XII.

541 3473 690 3559 Quibus
710 3478 852 3541 addendus
866 3479 946 3542 codex
964 3479 1048 3558 alius,
1065 3479 1243 3568 nobisscrius
1256 3477 1447 3568 transmiffus,
1470 3477 1531 3540 olim

499 3568 713 3658 Marcionensts
734 3574 859 3656 coenobcj',
881 3596 954 3637 nunc
972 3574 1074 3639 Duaci
1101 3577 1130 3638 in
1151 3575 1217 3638 bibl.
1233 3574 1348 3657 publica
1367 3574 1532 3659 affervatus

499 3675 538 3742 (n.
554 3669 623 3753 838,
628 3670 661 3754 s
674 3679 792 3754 49-50),
804 3670 878 3735 XII
881 3672 990 3760 soeculo
1004 3687 1150 3752 exoratus,
1167 3672 1244 3736 cuius
1257 3671 1378 3737 lettioms
1391 3695 1452 3736 cum
1467 3696 1484 3736 a
1498 3673 1532 3734 ts

499 3787 516 3828 e
529 3767 559 3828 in
574 3767 697 3832 omnibus
710 3785 873 3851 congruunt.

538 3865 621 3949 Quin
636 3867 720 3929 etiam
735 3866 809 3930 alius
822 3869 914 3946 codex,
928 3869 1005 3930 circa
1020 3891 1126 3931 annum
1143 3887 1155 3932 1
1160 3885 1218 3952 270
1223 3869 1359 3960 scriptus,
1370 3871 1532 3953 praeadm-

498 3963 570 4025 tibus
580 3963 722 4025 addendus
731 3963 808 4048 effet,
818 3965 932 4028 codicem
943 3966 1003 4029 dico
1012 3965 1131 4028 latinum
1138 3966 1226 4049 6189,
1233 3965 1309 4028 Bibl.
1319 3981 1376 4028 nat.
1387 3965 1495 4055 Paris,
1502 3967 1531 4028 in

498 4081 550 4142 quo
559 4082 632 4123 nunc
643 4061 771 4142 temporis
781 4061 892 4126 iniuria
889 4063 960 4147 sere
972 4077 1028 4127 tota
1038 4064 1110 4149 deest
1117 4061 1302 4146 Descriptio.
1318 4062 1364 4125 Ex
1369 4062 1426 4126 illis
1436 4064 1531 4126 uerbis

537 4237 546 4270 1
566 4219 697 4288 Historiam
716 4223 856 4275 ommim
869 4225 911 4274 des
926 4222 989 4275 croi·
1049 4223 1180 4292 Astatique,
1197 4239 1235 4274 an.
1255 4222 1465 4293 18⁶1‚xvll,p.
1480 4239 1529 4288 377

490 4296 581 4364 sodes,
603 4300 624 4362 1,
647 4305 706 4366 673.
722 4299 763 4354 cf.
781 4302 856 4355 etium
877 4302 991 4368 Journal
1048 4303 1140 4373 &sqq.
