3448 5718
483 565 599 656 nxviij
885 582 1107 636 eumenem.

474 799 617 889 scriptum
630 808 664 874 (c.
678 797 710 864 V
707 799 734 874 Ι)
748 799 901 883 reliquerit,
915 798 989 880 qnod
999 821 1031 860 ex
1042 797 1167 883 Arenlfo
1182 797 1213 880 (l.
1229 797 1256 878 I,
1270 821 1293 862 c.
1308 796 1438 873 XVIII)
1452 821 1515 861 cor-

484 898 540 980 rigi
548 895 686 982 potuiffet.
699 897 758 960 Pro
768 897 865 960 critico
875 896 964 979 igitur
974 895 1095 974 editione,
1105 918 1139 958 eo
1150 895 1223 958 nulli
1230 895 1360 958 habendo
1369 897 1515 981 est,quon·

482 1017 567 1076 quom
588 995 685 1058 uaria
698 994 818 1058 iettiones
831 1017 863 1056 ex
876 991 1010 1078 impreffls
1022 992 1104 1056 libris
1115 993 1145 1054 in
1159 1006 1280 1076 utraque
1294 992 1424 1074 margine
1438 992 1512 1056 exhi-

483 1094 601 1165 bentur,·
618 1093 715 1156 lettori
727 1094 796 1156 enim
811 1092 904 1156 critico
917 1091 965 1154 del
963 1091 1171 1174 ettussociendi
1184 1114 1285 1153 curam
1298 1090 1421 1173 reh'quit.

523 1211 550 1254 e.
561 1189 643 1273 1843.
656 1189 835 1252 Facillimum
852 1188 888 1274 J.
897 1187 991 1252 AGil
987 1189 1099 1268 es,novi
1117 1211 1189 1251 imus
1196 1187 1283 1251 Beda
1295 1187 1440 1270 Operum
1457 1189 1515 1252 edi·

482 1296 536 1363 tor,
539 1283 599 1370 sthi
608 1285 667 1374 ipse
678 1301 792 1370 operam
796 1286 881 1369 fecit,
891 1286 948 1369 qui,
961 1298 993 1347 ut
1004 1281 1063 1370 ipse
1067 1285 1186 1368 fatetur
1204 1284 1273 1366 (vol.
1289 1304 1320 1366 4,
1333 1298 1411 1368 port.
1430 1284 1461 1350 V
1459 1284 1515 1364 II)

482 1383 668 1446 tantummodo
688 1382 786 1448 Smith
805 1383 944 1446 editionem
964 1381 1069 1468 rur[ns
1086 1383 1154 1468 typis
1178 1383 1372 1446 mandaverit.
1398 1382 1515 1462 idcirco,

483 1502 568 1562 quum
582 1481 738 1544 uariorum
750 1482 904 1560 lettionum,
915 1504 978 1565 quae
990 1482 1097 1564 quidem
1108 1479 1228 1566 nonſsne
1240 1481 1394 1566 pretiostnt
1406 1484 1441 1545 ὅ
1454 1505 1515 1544 cum

483 1575 652 1664 Monacenſs
668 1580 753 1642 codice
770 1581 894 1642 continuo
912 1593 1077 1662 congruant,
1095 1579 1229 1641 modicum
1249 1578 1320 1665 sone
1339 1601 1515 1642 numerume

483 1676 570 1738 codice
582 1676 742 1766 inseruerit,
762 1675 808 1739 boc
823 1692 879 1761 pro
892 1677 962 1739 luxu
977 1676 1134 1739 habendum
1148 1677 1203 1760 est,·
1225 1699 1309 1758 quum
1328 1677 1398 1739 enim
1413 1677 1517 1740 uarios

482 1772 602 1836 lettiones
622 1774 714 1836 critice
734 1783 861 1837 madore
881 1771 1024 1858 debuiffet,
1056 1773 1092 1857 J.
1120 1773 1207 1835 Smith
1230 1774 1369 1836 editionem
1391 1787 1517 1836 tontum·

483 1871 560 1932 modo
580 1869 770 1960 transcripstt,
790 1895 875 1954 neque
889 1872 1040 1954 quidquam
1054 1871 1083 1932 in
1098 1895 1131 1934 eo
1145 1873 1274 1933 attentius
1287 1869 1414 1960 inspexit,
1430 1872 1472 1935 ito
1487 1886 1520 1934 ut

482 1966 689 2054 typographicos
702 1991 812 2032 errores
830 1983 875 2031 ut:
896 1970 934 2031 de
949 1969 1025 2031 locis
1036 1984 1091 2053 pro
1112 1969 1150 2030 de
1168 1967 1292 2031 locustis
1315 1971 1348 2052 (c.
1363 1969 1418 2032 XI
1420 1967 1470 2049 V),
1482 1973 1517 2034 Ψ

482 2066 640 2150 ineptiosut
652 2067 731 2130 ferro
748 2066 919 2130 medicante
929 2083 984 2152 pro
1005 2065 1085 2128 ferro
1101 2067 1255 2128 mediante
1277 2067 1379 2129 iterum
1393 2067 1518 2130 ediderit.

525 2164 545 2228 f.
564 2163 649 2248 1839,
663 2160 787 2242 Parisiis.
802 2163 867 2227 lom
882 2164 956 2227 nobis
970 2165 1107 2246 agendum
1122 2166 1160 2242 est
1171 2164 1205 2226 de
1216 2161 1250 2226 F.
1262 2161 1385 2227 Michel
1397 2165 1518 2245 editione,

482 2261 512 2323 in
521 2261 667 2324 collettione
680 2261 726 2322 cui
733 2260 845 2324 tinelus:
856 2259 1028 2324 Mimoires
1043 2260 1081 2338 de
1095 2259 1125 2322 la
1139 2259 1261 2325 Societe
1277 2259 1517 2346 geographique,

483 2371 550 2421 tome
559 2358 579 2421 I
580 2357 617 2438 V,
623 2373 654 2442 p.
663 2375 722 2441 794
728 2361 762 2422 Ed
763 2359 825 2448 seq.
841 2357 882 2422 Ab
893 2359 993 2422 editore
1006 2381 1059 2420 non
1071 2357 1196 2443 expreffe
1209 2358 1312 2421 dicitur
1325 2383 1363 2421 on
1378 2357 1517 2422 Libellus

483 2455 571 2520 Beda
587 2455 749 2520 tribuendus
763 2454 814 2541 stt.
837 2455 967 2519 Primum
987 2457 1070 2518 etiam
1090 2455 1178 2518 locum
1200 2455 1346 2517 recentiori
1366 2454 1518 2520 Bernordo

483 2553 569 2616 lotum
583 2553 690 2633 dedit,
678 2576 707 2616 m
722 2577 772 2636 quo
785 2567 877 2616 tomen
892 2554 1040 2616 dicium
1058 2551 1159 2615 Anodo
1173 2553 1205 2616 de
1218 2552 1292 2616 libro
1306 2552 1405 2616 Arcul
1390 2551 1430 2636 lfi,
1443 2553 1518 2640 epis-

485 2665 570 2734 <copi
566 2649 647 2714 'lGa
645 2651 691 2714 ἄιε
701 2650 866 2735 temporibus
876 2649 995 2713 Beda.»
1013 2649 1047 2712 F.
1057 2647 1173 2714 Michei
1175 2650 1227 2739 sol
1226 2651 1365 2740 ocodices.
1379 2650 1518 2738 Foessina

484 2748 520 2810 B.
538 2767 550 2812 1
575 2772 607 2810 ex
627 2737 793 2811 Britannico
812 2747 920 2836 Museo
943 2749 1074 2834 ususest,
1097 2761 1178 2829 etque
1199 2748 1242 2810 od
1263 2748 1365 2811 calcem
1388 2749 1518 2838 cuiusque

481 2839 604 2930 pagina
609 2847 712 2911 uarios
724 2846 845 2910 lectiones
861 2869 892 2908 ex
904 2846 990 2909 codice
1000 2844 1161 2908 Lincoinim
1172 2867 1195 2908 is
1206 2845 1323 2929 Collegij
1331 2847 1518 2910 tantummodo

484 2943 621 3008 adiunxit.

696 3197 937 3243 FRAGMENTUM
959 3198 1111 3243 Ancuero
1135 3197 1305 3243 Anmwtn.

525 3395 638 3458 Praeter
652 3395 780 3480 epitomen
795 3395 881 3457 Bedae
900 3397 973 3477 quod
992 3396 1021 3457 in
1035 3395 1234 3482 Herbipolenſs
1249 3397 1337 3458 codice
1357 3398 1519 3478 continetur,

483 3493 640 3574 historicum
650 3491 916 3576 geographieumque
930 3491 1024 3578 stmul
1024 3493 1228 3577 fragmentum
1246 3494 1328 3556 etiam
1341 3495 1370 3556 in
1386 3493 1518 3558 Bruxel-

484 3589 556 3654 lensi
566 3591 651 3652 codice
662 3591 696 3653 &
706 3590 735 3652 in
746 3589 873 3673 Reginae
884 3589 1047 3655 Christinae
1060 3591 1147 3653 codiee
1156 3590 1285 3654 Romano
1296 3592 1389 3675 primo
1400 3591 1518 3655 Arculfi

484 3685 631 3772 omiſsae
641 3687 702 3750 uilo
712 3710 810 3750 rerum
821 3689 856 3750 fid
865 3688 1018 3751 uerborum
1029 3689 1187 3752 connexione
1202 3689 1338 3769 additum,
1351 3690 1517 3753 invenimus.

484 3785 562 3848 Idem
583 3807 652 3849 vero
666 3785 789 3868 Arculso
811 3786 1018 3848 attribuendum
1038 3809 1091 3848 non
1111 3783 1273 3872 censuimus,
1296 3810 1358 3849 cum
1382 3811 1397 3850 e
1416 3788 1518 3873 primis

483 3883 580 3948 verbis
589 3897 689 3966 potent
699 3881 808 3946 Bednm
823 3897 876 3945 out
887 3906 1051 3966 anonymum
1065 3885 1210 3967 quemdem
1229 3885 1285 3947 eius
1299 3897 1437 3949 oudorem
1452 3883 1516 3970 effe.

485 3981 520 4044 ln
530 3977 651 4065 diuersts
664 3993 755 4043 tomen
766 3981 924 4043 editionibus
928 3981 1129 4065 fragmentum
1141 3981 1216 4044 illud
1222 4005 1306 4066 neque
1316 3983 1418 4046 editum
1433 4005 1517 4065 neque

484 4091 665 4143 memoratum
679 4078 804 4160 reperire
813 4079 961 4162 potuimus.

525 4217 609 4301 [Huc
638 4215 730 4301 usque
760 4217 830 4281 Titi
853 4218 976 4282 Tobler
1000 4221 1156 4303 praesati03
1184 4237 1295 4288 caetera
1317 4221 1355 4287 ab
1377 4219 1518 4310 Augusto

487 4314 639 4384 Moliniet
652 4315 822 4406 conscripta
837 4315 924 4406 sune]
