3446 5706
497 643 567 738 348
816 657 1016 718 ounnrrnn
1032 657 1123 711 s1TA
1140 658 1209 712 usu·

1714 797 1715 860 l

326 898 466 961 *Golgorhu
496 877 540 948 est
559 879 723 972 Golgorlra.
748 880 778 948 A
798 904 866 974 quo
885 903 1001 952 monte
1016 878 1174 977 estlonge
1186 877 1402 975 Sepulchrum
1421 903 1529 976 quan·

495 1008 565 1054 tum
582 985 688 1079 potest
705 983 809 1056 homo
825 987 932 1058 iacere
948 1011 1076 1084 petram
1092 985 1283 1087 pugnalem.
1301 983 1356 1056 Ad
1371 983 1530 1056 sinistram

494 1096 605 1161 montis
623 1094 768 1164 Calauria
793 1093 838 1163 est
856 1117 975 1183 carcer,
999 1095 1157 1189 &prope
1179 1116 1345 1164 carcerem
1368 1091 1415 1163 ad
1441 1089 1533 1162 linis·

495 1220 579 1269 tram
588 1221 716 1293 partem
733 1199 924 1296 columpna,
942 1201 975 1271 in
993 1223 1059 1296 qua
1075 1199 1118 1270 est
1134 1196 1263 1296 ligatus.
1284 1199 1415 1271 Contra
1434 1199 1532 1269 meri·

287 1364 292 1374 .
344 1328 375 1374 na
406 1329 473 1376 strue.
495 1300 585 1374 diem
601 1305 753 1375 aSanclo
768 1305 946 1400 Sepulchro
963 1310 1074 1376 Saucia
1089 1310 1211 1377 Maria
1224 1309 1342 1376 Latina.
1362 1307 1393 1376 A
1412 1327 1533 1376 monte

495 1436 574 1480 vero
591 1409 743 1481 Calvarie
770 1411 814 1482 est
835 1411 927 1482 locus
950 1411 993 1484 ad
1016 1413 1176 1483 orientem
1196 1409 1252 1482 ubi
1272 1412 1383 1483 sancia
1402 1411 1534 1482 Helena

494 1514 619 1588 invenit
636 1542 769 1589 crucem
781 1521 932 1591 Domini.
956 1517 1033 1590 lnde
1049 1517 1093 1590 ad
1105 1520 1266 1589 orientem
1284 1518 1328 1590 est
1339 1545 1436 1613 porta
1452 1523 1534 1614 Spe-

494 1625 577 1719 ciosa
604 1649 668 1719 que
692 1622 782 1706 ducit
807 1624 850 1696 ad
877 1625 1038 1722 templum
1056 1625 1204 1697 Domini.
1235 1623 1342 1722 Qtod
1369 1626 1534 1722 templum

495 1730 538 1800 est
559 1729 750 1822 romndum,
770 1733 867 1802 trinas
879 1731 1003 1804 habens
1020 1757 1133 1828 portas
1149 1734 1184 1803 δι
1201 1734 1234 1803 in
1251 1733 1387 1804 circuitu
1413 1735 1535 1818 acrium

494 1833 590 1907 valde
607 1837 830 1934 conspicuum.
852 1843 885 1910 ln
899 1864 967 1935 quo
986 1839 1112 1935 templo
1129 1839 1164 1910 in
1177 1836 1290 1910 medio
1309 1840 1354 1911 est
1369 1840 1535 1937 templum

495 1966 563 2011 non
582 1943 820 2036 manufaslum,
848 1946 880 2016 id
899 1947 944 2017 est
960 1944 1224 2037 tabernaculum3
1242 1947 1277 2016 δι
1293 1947 1385 2044 virga
1403 1949 1532 2038 Aaron,

494 2050 529 2119 δι
554 2073 653 2146 caput
669 2050 842 2143 Zacharie,
871 2049 927 2142 filij
943 2048 1109 2139 Barachie,
1135 2049 1289 2123 &altare
1312 2050 1405 2147 quod
1434 2051 1535 2126 lacob

495 2153 660 2228 edificavit
676 2159 837 2248 Domino,
866 2160 902 2228 ὅ(
931 2156 995 2229 due
1020 2155 1130 2228 tabule
1146 2157 1356 2246 Testamenti,
1380 2161 1417 2229 δι
1434 2159 1535 2232 archa

495 2259 614 2334 federis
632 2264 782 2354 Domini,
804 2267 839 2335 &
859 2289 985 2336 manna
1013 2262 1100 2335 unde
1121 2261 1338 2360 pascebantur
1361 2263 1417 2358 filij
1441 2267 1535 2338 lsrael

495 2370 529 2440 in
559 2367 698 2460 deserto,
722 2369 856 2442 condita
887 2367 951 2442 else
992 2368 1168 2441 creduntur
1175 2405 1186 2462 3
1215 2372 1252 2440 ἂ
1282 2372 1317 2442 in
1346 2372 1535 2445 summitate

496 2476 672 2575 templiest
688 2475 844 2572 lampada
861 2503 958 2549 aurea
977 2475 1134 2574 pendens.
1164 2479 1194 2547 A
1212 2477 1339 2576 templo
1361 2505 1442 2550 vero
1461 2480 1535 2551 Do·

498 2585 578 2654 mini
591 2607 709 2654 contra
730 2581 901 2655 meridiem
919 2585 964 2654 est
979 2587 1121 2680 templum
1139 2586 1327 2656 Salomonis.
1355 2584 1411 2657 Ad
1425 2586 1534 2658 orien-

497 2715 565 2762 tem
592 2715 612 2760 a
629 2689 755 2786 templo
774 2691 913 2761 Domini
931 2715 1021 2762 extra
1037 2713 1170 2788 portam
1189 2693 1260 2779 atrij
1279 2697 1443 2786 probatica
1462 2697 1535 2787 Pis-

498 2805 576 2886 cina,
601 2798 748 2893 quinque
769 2799 913 2893 porticus
932 2796 1065 2869 habens.
1094 2795 1173 2868 lnde
1190 2795 1234 2868 ad
1252 2799 1376 2868 exitum
1394 2800 1535 2872 civitatis

497 2929 614 2975 contra
638 2907 799 2978 orientem
822 2907 866 2977 est
891 2908 985 2978 vullis
1010 2909 1163 2999 iosaphat,
1192 2904 1248 2975 ubi
1271 2905 1316 2974 est
1341 2905 1534 2979 ecclesa&

496 3009 680 3084 venerabile
704 3012 911 3109 sepulchrum
938 3009 1129 3083 sanslislime
1153 3013 1188 3081 &
1210 3010 1403 3084 venerabilis
1421 3015 1533 3104 Marie,

496 3123 531 3190 δι
550 3145 632 3189 ortus
652 3123 856 3214 Gerhsemant',
884 3116 940 3191 ubi
959 3118 1125 3190 Dominus
1152 3117 1258 3190 oravit
1274 3143 1352 3190 cum
1369 3119 1534 3218 discipulis

497 3225 557 3295 suis
573 3227 609 3296 &
626 3221 681 3296 ubi
699 3223 958 3322 acondiscipulo
981 3225 1038 3296 suo
1057 3221 1136 3294 luda
1154 3222 1310 3295 traditore
1327 3225 1371 3296 est
1388 3225 1534 3300 traditus.

497 3331 575 3407 lnde
594 3329 637 3404 ad
655 3334 817 3405 orientem
835 3334 878 3404 est
894 3361 979 3404 mons
998 3335 1127 3422 Olivett',
1153 3331 1244 3404 unde
1262 3332 1428 3404 Dominus
1445 3335 1535 3407 celos

496 3440 640 3512 ascendit
649 3444 684 3511 ἃ
693 3438 748 3512 ubi
761 3439 923 3537 discipulis
939 3440 999 3511 suis
1011 3445 1104 3510 Pater
1113 3443 1243 3534 Noster
1252 3436 1381 3537 scripsit.
1396 3442 1548 3513 Amonte'

495 3571 574 3618 veto
601 3550 720 3619 Oliveri
748 3572 815 3617 uno
842 3547 957 3619 miliari
987 3544 1057 3645 (fic)
1083 3547 1128 3617 est
1153 3571 1421 3636 monumentum,
1446 3547 1535 3621 unde

496 3655 661 3726 Dominus
684 3653 941 3750 quatriduanum
960 3653 1121 3725 suscitavit
1134 3653 1302 3724 lazarum.
1338 3653 1416 3726 lnde
1434 3658 1535 3728 ctiam

495 3759 539 3832 ad
552 3763 714 3833 orientem
727 3761 810 3832 ultra
824 3760 936 3860 leugas
953 3761 1017 3852 sert,
1037 3759 1081 3830 est
1093 3759 1187 3830 locus
1204 3756 1261 3830 ubi
1274 3760 1441 3831 Dominus
1454 3763 1532 3833 ieiu-

496 3870 586 3942 navit
602 3866 716 3940 diebus
732 3867 765 3940 xl
778 3867 880 3940 &ubi
893 3895 913 3939 a
929 3839 1064 3939 diabolo
1085 3865 1129 3937 est
1145 3889 1334 3961 temptatus,
1351 3892 1422 3938 non
1440 3868 1534 3967 supe·

372 4011 397 4041 01
424 3993 467 4041 nu.
497 4000 591 4047 ratus.
610 3977 725 4072 Aquo
745 3999 860 4047 monte
879 3971 1034 4071 usquead
1051 3969 1175 4044 flumen
1192 3975 1332 4043 Iordanis
1348 3973 1405 4045 sert
1432 3975 1533 4048 nuilia-

497 4083 543 4154 ria
556 4083 636 4156 sunt.
659 4085 862 4178 Alerusalem
878 4107 958 4154 vero
972 4103 1089 4152 contra
1102 4077 1275 4152 meridiem
1292 4080 1375 4152 ultra
1389 4105 1532 4177 quatuor

409 4221 468 4252 een·
497 4189 636 4261 miliaria
653 4189 698 4261 est
715 4191 870 4260 Bellelrem
891 4185 962 4288 (fic)
980 4188 1093 4258 civitas
1111 4183 1232 4278 David,
1249 4188 1283 4258 in
1301 4213 1368 4283 qua
1386 4187 1530 4261 Christus

499 4320 606 4382 natus,
624 4298 659 4366 &
675 4319 790 4392 puteus
804 4295 897 4391 super
914 4318 1015 4389 quem
1027 4291 1116 4364 stella
1132 4289 1312 4385 descendit,
1330 4317 1396 4390 que
1415 4295 1530 4392 Magos

498 4400 590 4478 duxit
614 4399 658 4476 ad
681 4427 819 4504 puerum
845 4397 1062 4476 adorandum.
1090 4399 1181 4474 Extra
1204 4423 1339 4500 portam
1363 4399 1530 4478 Ierusalem
