3390 5720
456 523 844 582 uumnmsnucrn.
1119 525 1167 606 79

128 749 242 846 posita
253 752 326 823 sunt
337 753 373 824 in
387 777 463 823 arca
473 767 601 841 aurea‚⁶
617 751 715 848 plena
722 775 844 822 manna
853 749 887 820 in
897 746 1168 837 testificationem,

129 858 229 954 quod
260 886 383 957 panem
404 856 541 932 dedisset
564 859 609 930 eis
637 856 678 930 de
701 857 784 950 celo,
810 855 936 928 tabulas
962 858 996 926 in
1023 852 1168 926 testifica-

129 969 277 1059 tionem,
294 965 387 1062 quod
404 967 515 1065 legem
533 967 713 1039 naturalem
730 966 872 1062 sopitam
885 965 919 1034 in
935 959 1089 1036 cordibus
1106 961 1168 1032 sus·

130 1075 249 1146 citavit
264 1076 299 1144 in
316 1074 448 1170 scripto,
461 1075 590 1174 virgam
602 1075 716 1144 Aaron
733 1073 767 1143 in
789 1071 1060 1162 testificationem,
1077 1067 1170 1165 quod

131 1183 248 1251 omnis
264 1180 407 1278 potestas
424 1208 443 1252 a
460 1183 535 1252 Deo
554 1181 606 1252 esi.
632 1181 942 1252 Deuteronomium.
964 1179 1113 1276 Quoque
1126 1175 1171 1248 est
1237 1171 1239 1175 ’

129 1289 165 1357 in
194 1313 275 1359 arca
296 1289 330 1359 in
360 1289 582 1359 testimonium
607 1289 706 1386 pasti,
736 1286 828 1383 quod
847 1285 1019 1360 dixerant:
1048 1289 1170 1376 Omnia,

131 1423 305 1490 quecunque
321 1400 434 1467 dixerit
458 1400 544 1468 nobis
562 1401 725 1484 Dominus,
748 1400 911 1487 faciemus.
962 1395 1099 1464 Distum
1127 1392 1171 1464 est

131 1499 383 1574 tabernaculum
396 1503 582 1595 testimonii,
595 1505 670 1598 quia
685 1501 779 1573 cause
791 1527 853 1598 pro
872 1500 996 1574 foribus
1008 1503 1075 1573 eius
1093 1527 1170 1599 age·

130 1605 263 1682 bantur.
289 1610 332 1682 Ex
349 1635 418 1706 quo
432 1609 582 1681 domina
598 1606 691 1681 fimus
704 1612 739 1680 &
753 1609 911 1681 cortenio
926 1606 1104 1680 insinuatur
1114 1609 1171 1680 lai·

133 1741 264 1811 corum,
296 1719 352 1814 qui
380 1715 495 1815 pasfim
519 1719 605 1789 intra
632 1714 781 1789 ecclefias
809 1717 919 1789 causas
947 1715 1172 1813 imprudenter

134 1831 289 1898 tramant.

182 1934 338 2029 Sequitur
363 1933 533 2031 catalogus
557 1930 765 2004 mansonum
791 1929 832 2004 ab
857 1933 945 2004 exitu
971 1929 1013 2002 de
1033 1931 1170 2029 [gypso.

134 2041 276 2111 Fuerunt
295 2042 384 2112 enim
400 2063 476 2112 anre
490 2037 657 2112 transtum
670 2041 765 2112 maris
779 2037 878 2111 Rubri
893 2036 1076 2110 mansones
1090 2064 1171 2135 qua·

135 2169 222 2240 mor,
241 2171 280 2218 ut
296 2145 507 2244 premisimus,
522 2151 667 2244 Remeffe,
682 2152 820 2236 soccoth,
836 2153 1171 2236 &summissiorem

134 2255 168 2324 in
186 2257 327 2351 regione
345 2253 489 2353 Magdal.
517 2258 548 2325 Α
565 2281 654 2326 mare
672 2252 782 2326 Rubro
805 2252 965 2350 usquead
982 2255 1058 2326 Sina
1078 2279 1171 2326 man·

136 2358 239 2432 srones
266 2367 356 2453 osso,
380 2367 498 2451 Mara,
525 2366 618 2451 Elim,
644 2359 815 2457 Iamsuph,⁶
841 2359 933 2457 quod
959 2360 1054 2432 sonat
1082 2387 1171 2432 mare
1200 2381 1272 2440 nm,
1295 2381 1361 2430 uum.

137 2465 283 2540 Rubrum
299 2468 353 2542 vel
370 2469 508 2566 Scirpus
532 2468 603 2540 Erat
619 2469 708 2541 enirn
727 2469 811 2540 sorte
828 2468 920 2540 locus
936 2468 1087 2565 scirpeus.
1101 2444 1274 2539 PostIam

138 2576 291 2673 lamsuph
308 2573 469 2648 desertum
483 2581 538 2647 Sin
540 2583 705 2672 ‚Duplum
721 2579 817 2664 ossus,
834 2579 1013 2671 Rephidim,
1027 2574 1170 2647 solitudo
1200 2585 1249 2646 sn
1262 2585 1363 2649 Dauhc·

138 2686 235 2753 sinui.
260 2684 359 2754 Porro
377 2710 398 2755 a
415 2708 529 2755 monte
545 2684 656 2756 Sinai
648 2709 682 2754 1n
702 2682 814 2755 Cades
832 2679 1016 2754 mansiones
1035 2685 1109 2754 sunt
1125 2685 1170 2758 vi·
1199 2619 1332 2775 miiiiim.

139 2791 220 2887 ginri
233 2815 314 2882 una,
313 2793 458 2886 sepulcra
467 2795 712 2886 concupiscentie,
722 2795 886 2886 Huserorss
898 2795 1061 2885 chmuf
1078 2795 1171 2886 Rem
1200 2810 1305 2886 sepum
1322 2827 1378 2860 eon-

1216 2871 1358 2948 cupiscentiae

137 2904 336 2992 monspisatus,
362 2903 546 2986 Ithome
498 2900 601 2993 Rqffu,
621 2895 788 2986 calanus
801 2925 885 2968 mons
901 2901 1024 2991 sepher,
1045 2902 1169 2986 osredo,
1200 2935 1293 2998 nmque
1312 2953 1378 2984 man-

139 3007 323 3093 mnenon,
342 3007 493 3094 Troiam,
509 3006 619 3093 There,
633 3009 782 3096 Marcia,
799 3008 963 3100 Hesmonu,
987 3008 1169 3101 mosomii,
1253 2999 1332 3047 ⁶⁰¹³·-

138 3112 353 3204 beneiaacan,
387 3140 471 3184 mons
496 3111 662 3207 Gaugarss
684 3116 846 3202 letabutha,
872 3115 1029 3276 ¹Heluetia,
1059 3117 1171 3205 osfion-

138 3223 241 3310 guber,
263 3222 374 3290 cades.

185 3327 216 3395 Α
243 3324 418 3398 Cadess
378 3354 399 3396 u
401 3327 479 3422 sque
502 3333 676 3424 campobis
694 3332 803 3399 Moab
828 3323 1011 3399 mansiones
1036 3351 1170 3417 novem,
1200 3359 1258 3406 cam
1288 3356 1339 3404 un.

140 3459 220 3504 mons
236 3437 318 3522 Hor,
344 3437 497 3504 Sulmone.
525 3432 603 3504 lnde
629 3458 789 3506 venerunt
813 3432 857 3506 ad
881 3461 1040 3506 torrenrem
1067 3439 1168 3523 sorec,
1200 3420 1317 3532 Som⁰²b

142 3565 236 3635 quern
254 3491 448 3612 rrairsrerunt
463 3538 549 3612 srcco
566 3538 662 3638 pede,
685 3565 722 3612 ut
743 3567 832 3613 mare
849 3539 1004 3614 Rubrum
1031 3540 1170 3614 Indead

142 3675 250 3719 nomes
267 3655 393 3738 osrnon,
412 3675 554 3744 quorum
567 3647 704 3745 quidam
720 3649 867 3720 inclinati
884 3649 958 3721 sunt
970 3675 1084 3722 coram
1100 3651 1170 3724 illis.
1199 3664 1288 3710 Arnon·

142 3753 215 3826 [nde
242 3754 287 3827 ad
313 3783 426 3828 montes
454 3763 593 3845 Phanou,
622 3757 752 3844 Oborirss
768 3761 941 3847 lieuburim,
969 3745 1191 3854 Ὁίὂοηςαᾰ,*’

142 3865 465 3954 Hesmondeblarsras'm,
484 3890 598 3935 montes
617 3869 757 3952 ursarius,
773 3871 945 3959 cumpefhiu
961 3869 1081 3938 Moab.
1100 3866 1170 3936 Pre·
1200 3880 1303 3930 Abann-

143 3969 291 4066 cepitque
305 3972 471 4042 Dominus
484 3969 556 4043 filiis
578 3971 653 4044 Levi
667 3968 813 4043 habitare
825 3968 957 4067 sparfim
969 3972 1004 4043 in
1016 3969 1170 4044 omnibus

175 4181 272 4235 aLov.
285 4199 344 4235 area
358 4199 428 4235 uma.
443 4211 474 4223 -
495 4183 520 4234 b.
540 4183 618 4244 Lov.;
683 4181 766 4247 Chan,
780 4183 843 4235 Lov.
858 4181 996 4236 Benecitin.
1010 4211 1043 4221 -
1062 4181 1168 4244 slsum

145 4257 286 4313 blamsule
309 4291 343 4301 -
361 4280 383 4314 c.
407 4261 468 4315 ΜΠ.
482 4263 620 4334 Rethyrna,
685 4263 711 4313 L.
725 4261 835 4314 Galaad.
850 4291 883 4302 -
903 4281 928 4332 g.
947 4263 1010 4314 Luv.
1024 4261 1129 4328 Ebloth,
1144 4263 1170 4314 L.

143 4337 352 4412 Reemonphares.
365 4371 399 4382 -
417 4343 441 4394 d.
464 4343 527 4396 Luv.
546 4343 622 4396 Ceal-
684 4341 771 4395 Elorh.
786 4371 820 4382 -
837 4341 862 4394 h.
881 4343 945 4396 lov.
961 4341 1129 4411 Dibongaim,
1140 4343 1167 4394 L

145 4417 230 4484 rhed„
251 4421 350 4476 Sedere.
372 4451 401 4462 -
429 4440 450 4475 e.
472 4423 498 4475 L.
517 4421 623 4476 Iameira
684 4421 779 4489 Dalun,
793 4421 864 4474 Gad.
