3390 5720
464 532 515 584 DE
532 530 637 583 LOCIS
653 527 820 582 SANCTIS.
1082 523 1142 573 101

109 641 1147 670 -„.-....-.----————---—·-

158 759 217 827 De
241 754 463 828 Gethsemane
488 747 693 824 ascendimus
717 744 762 818 ad
787 769 920 844 portam
940 741 1149 836 Hierosolyme

109 892 169 963 per
186 861 312 961 gradus
326 861 457 934 multos.
479 864 512 931 sn
527 856 640 930 dextra
655 880 748 954 parte
765 877 861 951 porte
882 851 926 922 est
944 849 1103 921 olivetum
1115 850 1150 917 δι

108 970 266 1060 ficulnea,
281 971 315 1040 in
329 995 395 1064 qua
408 964 502 1038 sudas
521 966 641 1061 laqueo
655 964 687 1034 se
701 959 875 1057 suspendit,
889 960 979 1029 cuius
993 956 1078 1028 talea
1090 954 1150 1024 stat

109 1078 240 1150 munita
257 1078 365 1174 petris.
383 1077 456 1145 Hec
473 1073 517 1144 est
534 1095 630 1169 porta
647 1070 796 1160 civitatis,
819 1094 883 1164 que
905 1065 1038 1138 coheret
1055 1086 1149 1158 porte

109 1184 270 1282 speciose,
284 1208 349 1280 que
368 1183 427 1252 fuit
442 1182 549 1274 tempsi
555 1214 565 1250 .·
579 1181 670 1250 cuius
684 1177 881 1248 liminare&
894 1170 1067 1248 trabulatio
1080 1170 1147 1242 stat.

358 1422 422 1493 XV
425 1425 468 1492 ΙΙΙ.
497 1424 736 1492 Monumentum
760 1424 900 1490 Domini.

159 1609 358 1682 Osculantes
375 1609 473 1705 proni
491 1609 524 1680 in
543 1632 675 1699 terram,
690 1607 815 1705 ingreffi
830 1607 938 1680 sumus
953 1608 987 1678 in
1001 1607 1147 1679 sanstam

109 1717 291 1806 civitatem,
308 1717 342 1786 in
360 1740 426 1810 qua
443 1716 641 1811 perreximus
663 1714 706 1785 ad
723 1724 981 1788 monumentum
995 1715 1146 1804 Domini,

111 1822 288 1895 adorantes
305 1823 423 1919 ipsum.
443 1822 711 1912 Monumentum,
728 1823 762 1892 in
784 1849 850 1920 quo
868 1847 989 1918 corpus
1007 1824 1145 1892 Domini

110 1930 175 2000 lesu
193 1930 315 2002 Christi
334 1926 476 2027 pofitum
500 1930 570 2021 fuit,
595 1930 629 2000 in
652 1929 797 2000 naturale
817 1931 958 2000 excisum
984 1929 1028 2000 est
1044 1954 1145 2026 petra.

111 2042 255 2111 Lucerna
267 2066 351 2128 eres,
368 2064 433 2135 que
445 2038 502 2109 isso
516 2063 667 2135 tempore
680 2038 722 2110 ad
736 2063 835 2135 caput
849 2037 944 2136 ipsius
958 2035 1062 2136 pofita
1076 2041 1146 2130 suit,

112 2143 154 2215 ibi
167 2145 262 2217 ardet
276 2144 329 2217 die
342 2150 524 2241 nosiuque:
538 2173 576 2216 ex
591 2171 655 2241 qua
670 2142 935 2217 benedictionem
948 2147 1145 2241 accepimus,

113 2255 145 2320 ὅ(
163 2253 447 2349 recomposuimus
465 2279 548 2324 earn.
568 2257 602 2323 ln
621 2251 713 2348 quod
731 2277 987 2323 monumentum
1009 2250 1050 2323 de
1068 2253 1146 2322 foris

113 2359 250 2430 mittitur
281 2385 373 2449 terra,
406 2364 442 2431 δι
470 2358 691 2456 ingredientes
726 2357 843 2430 exinde
878 2357 1145 2431 benedidionem

114 2465 240 2537 tollunt.
260 2467 365 2562 lapis,
383 2466 472 2537 unde
488 2467 633 2537 clausum
651 2467 711 2537 fuit
731 2491 997 2557 monumentum,
1015 2491 1091 2538 ante
1109 2491 1146 2536 os

115 2575 323 2644 monumenti
337 2574 399 2644 est:
414 2574 526 2644 color⁰
543 2599 623 2646 vero
637 2599 739 2670 petre,
752 2600 815 2670 que
828 2573 932 2644 excisa
947 2573 991 2644 est
1004 2571 1046 2644 de
1055 2597 1147 2670 petra

113 2679 287 2776 Golgotha
304 2679 472 2778 (dignosci
489 2707 558 2751 non
577 2681 713 2775 potest),
732 2707 810 2750 nam
831 2680 899 2776 ipsa
920 2705 1012 2776 petra
1030 2705 1147 2753 ornata

114 2786 209 2857 estex
227 2812 310 2858 auro
328 2790 362 2857 ἃ
375 2789 525 2884 gemmis.
544 2785 753 2858 Postmodum
772 2785 813 2858 de
828 2789 896 2884 ipsa
913 2811 1006 2884 petra
1022 2787 1145 2860 fastum

113 2893 155 2962 est
170 2894 274 2964 astare
290 2894 325 2964 in
342 2892 432 2983 loc0,
450 2892 506 2964 ubi
523 2893 694 2965 crucifixus
710 2896 755 2965 est
769 2896 933 2965 Dominus
949 2895 1038 2966 lesus.
1057 2897 1144 2966 Petra

114 3025 189 3068 vero
202 3004 414 3073 monumenti
429 3003 529 3074 veluti
549 3002 681 3073 molaris
694 3003 738 3074 est
751 3002 878 3076 infinite
895 3027 1028 3074 ornata:
1045 3003 1145 3098 virgis

116 3103 219 3176 ferreis
233 3108 381 3204 pendent
395 3108 582 3202 brachialia,
592 3109 827 3201 dextrocheria,
840 3135 987 3201 murene,
997 3109 1145 3200 monilia,

115 3213 223 3284 annuli
255 3217 459 3312 capitulares,
488 3218 620 3316 cingula
650 3243 776 3316 gyrata,
811 3217 934 3308 balthei
959 3220 1146 3290 &corone

115 3319 346 3415 imperatomm
364 3350 402 3394 ex
419 3350 499 3394 auro
517 3329 551 3395 ὅ(
568 3328 720 3424 gemmis,
736 3328 772 3395 δι
788 3349 985 3398 ornamenta
1006 3325 1146 3421 plurima

116 3423 155 3496 de
176 3427 444 3525 imperatricibus.
471 3432 724 3504 Monumentum
752 3431 795 3504 stc
825 3431 911 3527 quast
939 3435 973 3504 in
1004 3431 1145 3504 modum

116 3558 197 3638 mete
213 3536 261 3608 est
283 3562 479 3633 coopertum
497 3565 535 3610 ex
551 3565 690 3637 argento
707 3543 742 3611 &
759 3538 816 3611 sub
834 3541 916 3612 soles
933 3567 1049 3612 aureos
1069 3566 1146 3614 ante

115 3666 365 3714 monumentum
387 3639 486 3718 altsre
503 3645 655 3743 positum.

484 3887 568 3958 XIX.
595 3891 763 3984 Golgorku.

162 4069 425 4142 Amonumento
444 4073 604 4168 usquead
622 4073 796 4174 Golgotha
815 4078 888 4148 sunt
906 4077 1029 4176 gressus
1052 4084 1145 4150 osto-

118 4171 212 4266 ginta.
231 4175 286 4248 Ab
305 4203 371 4248 una
388 4205 478 4275 parte
497 4178 679 4252 ascenditur
692 4209 751 4279 per
767 4182 897 4281 gradus,
910 4183 966 4256 ubi
979 4188 1145 4260 Dominus

119 4279 220 4352 noster
235 4283 382 4357 ascendit
399 4286 440 4358 ad
459 4286 727 4386 crucifigendum.
747 4293 782 4360 ln
798 4290 887 4381 loco,
901 4289 957 4362 ubi
974 4293 1144 4367 crucifixus

151 4431 172 4465 a.
193 4418 222 4468 G.
241 4417 328 4470 viride.
