3390 5720
537 582 602 656 124
831 575 1054 629 ANTONINUS
1080 571 1254 625 MARTYR

528 801 579 865 Set
600 800 630 863 δι
650 797 827 862 cubiculum
843 797 957 878 dequo
973 791 1179 876 exploratores
1198 785 1336 873 deposuit
1351 789 1380 852 δι
1395 792 1562 854 oratorium

527 893 569 958 est
590 896 700 960 Sansle
712 895 823 960 Marie.
845 892 979 976 Lapides
995 911 1066 952 vero
1091 890 1133 951 illi
1150 911 1228 974 quos
1243 889 1421 952 levaverunt
1437 886 1489 949 fibi
1505 886 1559 972 filij

525 983 613 1047 Israel
625 986 663 1047 de
674 983 814 1062 Iordane,
828 1005 891 1045 non
907 981 999 1064 longe
1017 1002 1034 1042 a
1048 979 1172 1042 civitate
1188 977 1317 1041 Hierico
1333 975 1420 1060 positi
1443 977 1510 1039 sunt
1530 978 1561 1039 in

527 1072 648 1136 bafilica
663 1072 729 1156 post
742 1073 844 1135 altare.

567 1161 609 1224 Et
629 1178 699 1224 ante
720 1159 872 1224 basilicam
895 1179 1031 1240 campus,
1045 1177 1116 1239 ager
1132 1153 1262 1218 Domini
1278 1155 1308 1216 in
1325 1178 1387 1240 quo
1404 1155 1564 1220 Dominus

527 1275 619 1316 manu
642 1251 762 1335 propria
784 1249 951 1326 seminavit,
973 1246 1070 1308 serens
1092 1244 1160 1307 satis
1181 1239 1263 1326 quast
1288 1243 1389 1306 modia
1405 1245 1470 1306 tria
1494 1245 1564 1328 Qui

527 1341 619 1404 etiam
632 1339 786 1422 colligitur
800 1337 830 1400 δι
844 1356 1012 1418 numquam
1028 1332 1140 1411 seritur,
1157 1333 1197 1394 l'et
1211 1354 1248 1394 ex
1273 1332 1301 1394 se
1317 1333 1430 1414 profert
1452 1331 1565 1396 semen.

528 1429 693 1513 Colligitur
717 1445 819 1492 autem
844 1424 944 1489 mense
970 1423 1140 1501 februari0,
1165 1421 1194 1484 δι
1220 1422 1291 1483 inde
1316 1423 1567 1486 communicatur

526 1522 556 1582 in
580 1515 694 1600 pascha.
711 1517 794 1580 Cum
816 1512 982 1577 colleslum
998 1512 1097 1590 fuerit,
1118 1527 1226 1589 aratur,
1249 1511 1404 1574 &iterum
1428 1533 1501 1572 cum
1517 1533 1568 1572 re·

526 1605 609 1688 liqua
627 1602 717 1666 melle
732 1604 896 1687 colligitur.

568 1695 611 1756 At
636 1714 707 1756 vero
734 1695 801 1756 fons
822 1713 900 1775 aque
926 1711 1019 1774 quem
1045 1687 1212 1752 indulcavit
1237 1687 1384 1772 Helyseus
1411 1691 1569 1770 propheta

527 1783 629 1865 irrigat
644 1803 768 1843 omnem
784 1781 920 1857 Hierico,
943 1780 993 1840 ubi
1009 1779 1139 1840 nascitur
1152 1777 1259 1839 vinum
1276 1777 1355 1859 potiS
1371 1779 1455 1858 quod
1473 1777 1568 1838 febri-

491 1945 496 1956 ·
527 1870 691 1933 citantibus
713 1872 808 1932 datur.
830 1867 877 1930 Ibi
899 1868 1027 1930 nascitur
1048 1865 1194 1928 daslilum
1217 1867 1255 1928 de
1275 1865 1358 1927 libra.
1384 1863 1433 1927 Ex
1449 1865 1567 1947 quibus

528 1981 650 2020 mecum
681 1961 710 2022 in
741 1957 892 2042 provintia
919 1956 1030 2018 adduxi
1056 1953 1086 2018 δι
1114 1955 1183 2018 dedi
1214 1955 1283 2017 inde
1309 1975 1403 2017 unum
1433 1955 1568 2016 domino

529 2047 648 2111 Paterio
676 2049 812 2131 patricio.
831 2044 878 2108 Ibi
903 2045 1033 2108 nascitur
1058 2045 1165 2106 cedrus
1190 2045 1227 2105 de
1250 2043 1340 2106 libras
1364 2041 1395 2104 xl
1421 2042 1451 2105 u
1477 2045 1568 2126 virga

525 2136 638 2199 fascioli
661 2139 738 2199 duos
761 2138 852 2218 pedes
868 2134 975 2215 longa3
995 2131 1037 2194 ibi
1058 2129 1100 2193 est
1115 2130 1144 2194 δι
1159 2132 1228 2194 vitis
1250 2132 1330 2192 unde
1347 2132 1376 2193 in
1392 2128 1569 2195 ascensione

527 2223 658 2288 Domini
675 2224 779 2306 plenas
794 2221 890 2285 hastas
905 2222 1032 2284 racemis
1047 2221 1077 2282 in
1093 2237 1198 2282 monte
1211 2219 1330 2284 Oliveti
1346 2220 1469 2282 venales
1486 2218 1569 2298 sunt,

527 2314 556 2376 bc
578 2314 687 2375 exinde
708 2309 922 2374 Pentechostes
944 2310 1073 2370 mixtum
1096 2309 1205 2371 exinde
1229 2309 1318 2390 plena
1333 2308 1434 2371 colata
1448 2330 1570 2390 propo-

525 2419 650 2464 nuntur.
676 2399 868 2462 Exeuntibus
884 2399 972 2460 nobis
987 2399 1025 2459 de
1040 2395 1160 2459 Iericho
1176 2399 1315 2459 venimus
1329 2414 1436 2460 contra
1451 2397 1571 2460 Hiero-

527 2490 675 2552 solimam.
692 2489 766 2552 Non
779 2489 871 2570 longe
882 2488 919 2549 ab
932 2486 1057 2548 Hierico
1071 2483 1113 2546 est
1128 2484 1179 2546 illa
1193 2485 1281 2547 arbor
1296 2486 1326 2546 in
1341 2507 1401 2568 qua
1414 2486 1571 2550 Zacheus

525 2579 656 2641 ascendit
678 2598 711 2640 ut
731 2577 847 2639 videret
869 2575 1052 2638 Dominum.
1080 2573 1155 2660 Que
1178 2575 1266 2636 arbor
1291 2575 1366 2636 infra
1392 2577 1569 2638 oratorium

524 2661 637 2729 inclusa
659 2665 710 2744 est,
732 2666 762 2729 δι
785 2665 972 2748 petredium
996 2662 1121 2745 desuper
1136 2659 1212 2724 steca
1226 2664 1354 2726 videtur.
1376 2661 1474 2746 Igitur
1489 2687 1569 2726 exe-

524 2773 611 2818 untes
623 2757 661 2816 de
675 2755 800 2818 Hierico
814 2752 952 2815 venimus
964 2767 1069 2813 contra
1081 2751 1276 2812 occidentem
1288 2752 1318 2812 in
1328 2747 1441 2813 linillra
1454 2773 1571 2830 manu,

524 2844 554 2908 δι
569 2845 746 2908 Intravimus
761 2841 847 2904 villas
859 2840 992 2904 Sodome
1004 2839 1033 2901 δι
1047 2839 1211 2904 Gomorre.
1229 2840 1325 2923 Super
1337 2863 1397 2923 qua
1410 2843 1571 2922 provintia

522 2932 677 2995 descendit
692 2930 808 3013 semper
823 2927 949 2990 obscura
963 2929 1058 2991 nubes
1081 2949 1152 2990 cum
1168 2929 1262 2990 odore
1278 2927 1453 3010 sulphureo.
1477 2928 1572 2991 Nam

525 3023 607 3104 quod
632 3022 738 3082 dicunt
759 3019 899 3080 homines
921 3016 959 3078 de
975 3037 1068 3078 uxore
1085 3015 1180 3094 Loth,
1202 3018 1338 3099 eoquod
1362 3015 1509 3098 lingendo
1526 3019 1571 3079 ab

523 3108 705 3171 animalibus
728 3106 890 3183 minuatur,
913 3105 1106 3166 mendacium
1131 3103 1183 3182 est,
1208 3103 1250 3167 set
1272 3103 1328 3167 stat
1349 3105 1380 3166 in
1404 3103 1480 3167 statu
1500 3128 1572 3188 quo

525 3199 590 3259 fuit.
621 3197 829 3259 Ascendentes
856 3196 894 3256 de
920 3194 1073 3256 montanis
1117 3192 1394 3256 Hierosolimorum
1422 3195 1572 3258 venimus

526 3285 699 3349 Baoridem.
722 3281 797 3346 Inde
818 3299 1001 3345 revertentes
1023 3283 1058 3343 ad
1083 3279 1227 3345 smistram
1250 3283 1286 3344 ad
1309 3283 1423 3364 oppida
1448 3285 1572 3348 montis

527 3375 658 3452 OIIveti,
674 3375 812 3435 venimus
828 3375 857 3433 in
874 3371 1024 3434 Bethania
1038 3373 1074 3432 ad
1092 3386 1327 3434 monumentum
1340 3371 1460 3434 Lazari.
1479 3371 1572 3434 Nam

527 3461 719 3545 respicientes
734 3460 826 3523 valles
849 3461 915 3524 illas
937 3459 966 3522 δι
989 3459 1233 3542 perambulantes
1255 3456 1444 3537 monasteria,
1465 3461 1574 3524 multa

528 3551 757 3615 &mirabilium
773 3552 851 3629 loca,
865 3551 997 3612 vidimus
1013 3547 1143 3610 clausam
1159 3549 1391 3610 multitudinem
1411 3549 1440 3610 in
1456 3565 1573 3612 monte

531 3640 649 3706 Oliveti
666 3639 799 3701 virorum
815 3661 849 3700 ac
865 3637 1036 3700 mulierum.

570 3728 611 3790 Et
631 3726 744 3788 rursum
766 3727 797 3788 in
822 3744 927 3790 monte
950 3726 1031 3788 unde
1047 3725 1204 3789 Dominus
1225 3724 1359 3787 ascendit
1382 3725 1418 3786 ad
1434 3741 1573 3806 patrem,

531 3818 580 3880 ubi
598 3816 626 3878 δι
642 3815 774 3877 iudicare
785 3816 896 3894 veniet,
908 3815 1040 3878 vidimus
1052 3812 1231 3876 monasteria
1243 3811 1367 3896 copiosa
1378 3811 1407 3876 δι
1418 3813 1573 3878 cellulam

529 3905 579 3966 ubi
606 3903 718 3966 inclusa
743 3905 799 3966 suit
827 3903 926 3966 fausta
952 3903 1080 3986 Pelagia.
1107 3901 1148 3964 Et
1173 3903 1203 3962 in
1226 3900 1289 3983 ipso
1315 3919 1420 3963 monte
1445 3898 1573 3984 Iacobi,

529 3992 678 4070 Zebedei,
700 3991 729 4054 ἃ
745 3993 895 4074 Cleophe,
917 3990 946 4053 δι
967 3991 1064 4054 multa
1078 3991 1246 4056 sanctorum
1271 4011 1408 4074 corpora.
1424 3990 1573 4054 Descen-

528 4082 634 4143 dentes
656 4081 693 4141 de
716 4099 820 4142 monte
837 4081 967 4158 OIIveti,
988 4081 1127 4143 venimus
1143 4082 1172 4143 in
1188 4081 1292 4142 villam
1313 4079 1513 4144 Gethsemani
1531 4083 1570 4146 in

529 4169 600 4230 loco
616 4168 666 4229 ubi
683 4167 839 4230 Dominus
852 4168 977 4231 traditus
992 4167 1042 4229 est.

571 4254 606 4318 In
626 4278 688 4338 quo
709 4256 775 4318 sunt
795 4258 850 4318 tria
870 4256 1018 4334 accubita,
1041 4257 1070 4318 in
1092 4279 1151 4340 que
1176 4257 1226 4320 ille
1241 4259 1393 4336 accubuit,
1412 4257 1443 4320 bc
1457 4280 1514 4322 nos
1530 4261 1569 4324 in

532 4345 746 4409 benedislione
767 4346 975 4423 accubuimus,
997 4344 1026 4407 δι
1049 4347 1078 4407 in
1101 4345 1160 4429 ipsa
1181 4345 1258 4408 valle
1279 4345 1322 4412 est
1336 4348 1445 4411 domus
1460 4346 1569 4416 santae
