3434 5704
467 479 515 554 60
891 483 1086 581 (nt-358)

511 704 695 790 «Scythopolis
708 722 811 768 autem
825 706 896 768 urbs
909 704 953 768 est
967 706 1130 792 Palaestr'nae
1143 707 1265 792 insignis
1280 710 1311 770 in
1327 709 1410 772 tribu
1429 709 1501 774 Ma-

467 791 547 857 nalse
571 791 675 876 posita,
689 816 757 877 quae
772 793 832 856 alio
846 795 972 858 nomine
986 795 1111 886 Bethsan
1124 813 1263 876 vocatur,
1282 819 1377 881 quam
1399 797 1502 881 Scrip-

468 899 534 944 tura
562 881 665 944 divina
687 883 887 966 cognominat
914 883 1043 946 domum
1067 885 1192 964 Nicam‚
1229 885 1313 968 quod
1343 889 1375 948 in
1401 886 1502 950 nostra

376 991 380 999 ·
468 972 572 1054 lingua
590 970 699 1033 domus
715 971 912 1034 inimicorum
927 971 1055 1035 dicitur:
1079 974 1158 1036 hanc
1179 990 1283 1036 autem
1307 995 1371 1037 non
1397 976 1501 1057 potuit

470 1056 634 1137 Manasses,
649 1060 677 1120 id
690 1059 732 1122 est
747 1059 878 1141 populus
893 1057 981 1122 lsrael
992 1061 1181 1140 haereditare,
1193 1058 1268 1126 sicut
1279 1064 1311 1124 in
1324 1062 1404 1126 libro
1417 1060 1502 1126 ludi·

469 1170 541 1211 cum
553 1148 679 1212 dicitur:
695 1173 763 1234 quae
777 1152 870 1214 etiam
882 1151 953 1216 urbs
965 1148 1007 1211 est
1022 1152 1211 1235 Scytharum,
1225 1171 1298 1213 nam
1313 1150 1437 1235 Scythae
1448 1151 1504 1214 ali-

470 1239 592 1320 quando
602 1238 745 1302 bellando
757 1239 892 1322 undique
901 1239 992 1322 longe
1003 1236 1135 1322 lateque,
1144 1238 1364 1323 AEgyptiorum
1375 1261 1503 1324 regnum

448 1381 452 1395 ,
470 1327 571 1410 egressi
595 1327 799 1410 cunctamque
814 1350 892 1411 pene
908 1325 1011 1392 Asiam
1027 1345 1175 1406 tenentes,
1195 1329 1275 1392 hanc
1300 1328 1505 1392 condiderunt

471 1417 579 1478 urbem
587 1443 597 1492 ;
610 1416 653 1478 est
663 1418 755 1480 etiam
768 1414 958 1498 metropolis,
970 1415 1043 1480 sicut
1058 1417 1088 1478 in
1101 1418 1211 1479 eodem
1222 1416 1302 1479 libro
1314 1415 1436 1500 legitur.
1451 1419 1500 1480 Ad

470 1505 549 1567 hanc
572 1527 647 1587 ergo
669 1506 777 1568 urbem
800 1526 871 1567 cum
896 1506 989 1567 exilio
1009 1504 1174 1587 perductus
1199 1502 1282 1584 esset,
1306 1522 1341 1568 ut
1364 1505 1507 1586 diximus,

472 1594 577 1656 beatus
594 1592 752 1672 Eusebius,
773 1615 867 1656 cavea
893 1593 1083 1672 constrisius,
1105 1593 1177 1656 licet
1198 1614 1261 1655 non
1284 1593 1505 1656 delectabiliter

472 1682 636 1745 semovere
657 1679 807 1765 potuisset,
822 1699 923 1744 tamen
940 1697 1057 1744 vertere
1073 1682 1102 1744 se
1116 1681 1146 1744 δι
1160 1683 1402 1764 circumquaque
1422 1682 1505 1766 pros-

472 1770 575 1852 picere
587 1787 720 1854 poterat:
736 1771 819 1853 quod
835 1786 996 1833 cernentes
1009 1771 1125 1849 Ariani,
1135 1771 1206 1833 inde
1217 1791 1289 1832 eum
1301 1769 1505 1834 abstraxerunt

471 1859 502 1920 δι
517 1859 547 1920 in
559 1859 681 1942 angusta
696 1859 790 1922 domo
805 1857 985 1934 clauserunt,
996 1858 1047 1920 ubi
1063 1857 1196 1920 clausum
1208 1859 1385 1936 retinentes,
1395 1859 1505 1922 abstra-

471 1963 582 2009 xerunt
596 1948 633 2010 ab
648 1969 685 2009 eo
701 1947 842 2009 ciborum
857 1961 949 2030 atque
965 1963 1056 2029 potus
1070 1947 1203 2029 copiam,
1218 1947 1260 2010 ita
1273 1963 1309 2009 ut
1321 1969 1377 2029 per
1392 1947 1504 2011 multos

449 2036 535 2098 'dies
560 2035 692 2098 inediam
714 2051 879 2117 pateretur,
904 2034 934 2097 δι
955 2056 1032 2117 pene
1050 2032 1260 2097 dissolveretur
1282 2035 1371 2098 famis
1396 2037 1505 2118 inopia.

471 2123 568 2187 Tunc
590 2121 705 2205 scripsit
729 2123 841 2185 librum
862 2125 899 2186 ad
923 2121 1135 2206 Patrophilum
1156 2121 1333 2185 custodem:
1359 2150 1372 2181 e
1397 2124 1507 2186 Servus

475 2235 489 2274 t
504 2210 566 2275 Dei
583 2209 730 2274 Eusebius
755 2233 826 2273 cum
851 2211 1001 2275 conservis
1026 2210 1095 2289 suis,
1111 2210 1289 2294 Patrophilo
1304 2211 1422 2274 custodi
1437 2233 1507 2274 cum

476 2326 488 2358 ‹
504 2301 570 2363 suis.
589 2299 771 2383 Rapuerunt
782 2321 831 2362 me
843 2300 1070 2379 Arriomanitae,
1085 2299 1156 2363 &vi
1168 2298 1337 2362 multorum
1352 2300 1449 2363 nimio
1463 2300 1509 2362 su·

477 2415 489 2448 e
503 2409 573 2451 rore
584 2389 698 2451 nudato
710 2407 840 2470 corpore
852 2409 902 2450 me
914 2387 1054 2470 supinum
1066 2389 1104 2449 de
1116 2409 1209 2451 cavea
1218 2387 1373 2470 hospitioli
1386 2409 1440 2472 per
1450 2405 1509 2451 ter·

477 2503 489 2536 e
505 2497 569 2539 ram
581 2491 748 2554 traxerunt,
756 2497 867 2558 meque
878 2475 910 2538 in
921 2475 1051 2559 hospitio
1062 2474 1123 2538 alio
1136 2474 1271 2540 clausum
1284 2493 1400 2554 tenent,
1411 2499 1509 2560 neque

477 2592 490 2623 ‹
506 2585 616 2648 panem
631 2564 887 2626 manducaturum
902 2585 1001 2648 neque
1013 2584 1125 2646 aquam
1137 2564 1307 2626 bibiturum
1318 2562 1510 2647 profitentur,

477 2680 490 2712 ‹
504 2651 661 2736 quousque
676 2651 863 2714 consentiam
878 2650 953 2714 illis:
969 2673 1062 2735 quare
1073 2667 1283 2734 opportunum
1295 2651 1337 2714 est
1350 2653 1426 2714 mihi
1442 2671 1510 2716 ante

478 2768 490 2800 ‹
505 2741 543 2803 de
557 2760 688 2821 corpore
703 2741 797 2818 exire,
811 2761 904 2822 quam
920 2738 974 2802 ista
988 2739 1166 2802 consentire.
1189 2739 1303 2802 Videte
1317 2741 1391 2822 quia
1404 2757 1512 2803 contra

478 2857 490 2890 ι
506 2832 552 2892 ius
562 2828 700 2890 divinum
710 2849 745 2890 ac
758 2826 917 2911 publicum
927 2825 1133 2903 commisistis3
1149 2829 1210 2890 iarn
1223 2829 1289 2891 sunt
1300 2829 1383 2891 enirn
1396 2828 1509 2913 septem

479 2919 580 2996 edice,
602 2917 631 2979 δι
655 2916 708 2978 nist
729 2916 790 2978 hoc
815 2916 1057 2995 emendaveritis,
1072 2917 1154 2979 eritis
1172 2917 1279 2999 procul
1295 2916 1391 2979 dubio
1406 2918 1508 2980 homi·

478 3032 491 3065 ‹
506 3006 592 3068 cidae.
606 3030 617 3061 ›
636 3003 878 3092 Quartadecima
892 3003 941 3066 die
955 3004 1058 3086 igitur,
1072 3001 1305 3086 superveniente
1320 3002 1510 3087 Patrophilo,

477 3116 549 3158 cum
576 3093 634 3156 suis
659 3089 820 3154 confilium
844 3093 959 3171 iniens,
990 3092 1120 3175 mitigati
1151 3091 1211 3153 hoc
1237 3091 1361 3171 libello,
1396 3095 1426 3154 in
1453 3093 1511 3155 alio

478 3182 575 3246 rursus
590 3203 661 3244 eum
679 3179 809 3264 hospitio
823 3196 1015 3263 receperunt,
1037 3180 1249 3261 permittentes
1273 3178 1359 3262 loqui
1386 3202 1459 3242 cum
1474 3203 1510 3244 eo

478 3273 530 3356 qui
553 3285 698 3333 venerant
720 3269 814 3351 gratia
835 3265 1027 3332 visitationis:
1053 3267 1158 3330 &hoc
1180 3289 1242 3330 non
1263 3268 1325 3331 diu.
1354 3265 1511 3352 Vigesrmo

479 3362 586 3446 quinto
602 3359 650 3421 die
665 3373 831 3440 erumpunt
845 3356 1002 3436 denuo,&
1022 3358 1129 3418 armati
1156 3354 1281 3420 fustibus
1303 3357 1340 3418 ad
1363 3378 1435 3419 eum
1461 3379 1512 3420 ve·

478 3471 550 3514 nere
562 3449 592 3510 in
603 3446 744 3530 hospitio,
755 3467 887 3528 eumque
900 3447 1060 3528 rapientes,
1071 3447 1103 3507 in
1115 3444 1278 3528 angustiori
1289 3465 1413 3508 carcere
1425 3467 1510 3509 man-

479 3539 572 3622 cipati
586 3536 668 3611 sunt;
692 3535 806 3618 talique
833 3533 983 3617 ergastulo
1005 3555 1076 3596 eum
1099 3532 1294 3611 recluserunt,
1309 3549 1343 3596 ut
1367 3531 1440 3598 ell'et
1459 3535 1512 3598 illo

480 3627 601 3690 brevior
626 3622 740 3707 illoque
761 3623 791 3683 in
818 3620 979 3684 latitudine
1000 3621 1167 3704 angustior,
1189 3623 1231 3686 ita
1253 3639 1287 3685 ut
1308 3643 1408 3707 genua
1433 3620 1512 3686 illius

480 3735 573 3778 curva
605 3712 698 3796 pedes
732 3711 926 3774 extendendo
960 3711 1088 3773 minime
1117 3712 1220 3773 videre
1256 3710 1325 3774 suos
1359 3707 1513 3794 potuisset,
1541 3743 1545 3749 -

480 3817 573 3885 eaput
596 3823 670 3863 vero
696 3803 739 3863 ita
766 3798 897 3882 prell'um
921 3798 984 3883 ipso
1013 3798 1161 3882 ergastulo
1186 3799 1327 3879 habebat,
1356 3815 1390 3860 ut
1413 3797 1513 3860 nulle-

480 3907 570 3954 tenus
611 3889 728 3954 coelum
764 3887 911 3972 respicere
949 3887 1111 3971 potuisset3
1145 3888 1291 3950 humeros
1325 3903 1428 3949 autem
1466 3884 1512 3948 vel

481 3980 602 4042 cubitos
623 3980 749 4042 minime
764 4000 889 4040 movere
905 3994 1034 4059 poterat,
1055 3975 1224 4039 immobilis
1243 3991 1363 4038 tantum
1378 3995 1513 4054 manens,

482 4068 597 4148 &,·nis1
617 4067 809 4151 Angelorum
823 4067 992 4130 visitatione
1017 4067 1183 4141 foveretur,
1206 4065 1376 4127 humanum
1400 4083 1512 4146 corpus

481 4159 560 4220 hanc
576 4157 715 4219 iniuriam
740 4172 787 4219 tot
801 4157 908 4218 diebus
927 4156 1004 4217 serre
1020 4155 1147 4216 minime
1162 4151 1308 4216 valuisset.
1330 4149 1389 4214 Sed
1411 4152 1512 4213 omni-

483 4263 593 4330 potens
608 4243 706 4324 Deus,
728 4246 781 4328 qui
796 4241 904 4306 Ionam
919 4244 1102 4327 prophetam
1124 4243 1156 4304 in
1170 4257 1275 4304 ventre
1297 4241 1356 4304 ceti
1376 4239 1514 4312 servavit,
