<?xml version="1.0" encoding="UTF-8"?>
<!DOCTYPE html PUBLIC "-//W3C//DTD XHTML 1.0 Transitional//EN"
    "http://www.w3.org/TR/xhtml1/DTD/xhtml1-transitional.dtd">
<html xmlns="http://www.w3.org/1999/xhtml" xml:lang="en" lang="en">
 <head>
  <title>
</title>
<meta http-equiv="Content-Type" content="text/html;charset=utf-8" />
  <meta name='ocr-system' content='tesseract 3.04.00' />
  <meta name='ocr-capabilities' content='ocr_page ocr_carea ocr_par ocr_line ocrx_word'/>
</head>
<body>
  <div class='ocr_page' id='page_1' title='image "./itinerahierosol00berngoog_0273.png"; bbox 0 0 3354 5706; ppageno 0'>
   <div class='ocr_carea' id='block_1_1' title="bbox 538 493 1152 576">
    <p class='ocr_par' dir='ltr' id='par_1_1' title="bbox 538 493 1152 576">
     <span class='ocr_line' id='line_1_1' title="bbox 538 493 1152 576; baseline -0.01 -24"><span class='ocrx_word' id='word_1_1' title='bbox 538 499 610 576; x_wconf 86' lang='lat'><strong>²⁰4</strong></span> <span class='ocrx_word' id='word_1_2' title='bbox 955 493 1152 548; x_wconf 79' lang='lat' dir='ltr'><strong>Ancunrus</strong></span> 
     </span>
    </p>
   </div>
   <div class='ocr_carea' id='block_1_2' title="bbox 487 710 1569 2145">
    <p class='ocr_par' dir='ltr' id='par_1_2' title="bbox 487 710 1569 2145">
     <span class='ocr_line' id='line_1_2' title="bbox 533 710 1561 783; baseline -0.008 -11"><span class='ocrx_word' id='word_1_3' title='bbox 533 719 586 772; x_wconf 89' lang='lat' dir='ltr'><strong>boc</strong></span> <span class='ocrx_word' id='word_1_4' title='bbox 596 715 697 770; x_wconf 70' lang='lat' dir='ltr'><strong>sentius</strong></span> <span class='ocrx_word' id='word_1_5' title='bbox 708 715 841 769; x_wconf 88' lang='lat' dir='ltr'><strong>Arculsns</strong></span> <span class='ocrx_word' id='word_1_6' title='bbox 849 716 941 769; x_wconf 72' lang='lat' dir='ltr'><strong>Sansie</strong></span> <span class='ocrx_word' id='word_1_7' title='bbox 951 713 1040 768; x_wconf 86' lang='lat' dir='ltr'><strong>Marie</strong></span> <span class='ocrx_word' id='word_1_8' title='bbox 1050 713 1184 767; x_wconf 83' lang='lat' dir='ltr'><strong>ecclefiam</strong></span> <span class='ocrx_word' id='word_1_9' title='bbox 1193 712 1220 765; x_wconf 95' lang='lat' dir='ltr'><strong>in</strong></span> <span class='ocrx_word' id='word_1_10' title='bbox 1229 711 1296 766; x_wconf 79' lang='lat' dir='ltr'><strong>valle</strong></span> <span class='ocrx_word' id='word_1_11' title='bbox 1306 711 1435 783; x_wconf 76' lang='lat' dir='ltr'><strong>Iosapbat</strong></span> <span class='ocrx_word' id='word_1_12' title='bbox 1440 710 1561 782; x_wconf 71' lang='lat' dir='ltr'><strong>frequen</strong></span> 
     </span>
     <span class='ocr_line' id='line_1_3' title="bbox 531 790 1561 866; baseline -0.007 -15"><span class='ocrx_word' id='word_1_13' title='bbox 531 796 603 851; x_wconf 80' lang='lat' dir='ltr'><strong>tavit</strong></span> <span class='ocrx_word' id='word_1_14' title='bbox 611 795 696 850; x_wconf 90' lang='lat' dir='ltr'><strong>Cuius</strong></span> <span class='ocrx_word' id='word_1_15' title='bbox 705 793 1043 866; x_wconf 85' lang='lat' dir='ltr'><strong>duppliciterinferiorpars</strong></span> <span class='ocrx_word' id='word_1_16' title='bbox 1052 790 1339 864; x_wconf 81' lang='lat' dir='ltr'><strong>sublapideotnbulato</strong></span> <span class='ocrx_word' id='word_1_17' title='bbox 1349 791 1561 845; x_wconf 80' lang='lat' dir='ltr'><strong>mirabilirotun·</strong></span> 
     </span>
     <span class='ocr_line' id='line_1_4' title="bbox 532 871 1561 944; baseline -0.004 -14"><span class='ocrx_word' id='word_1_18' title='bbox 532 877 616 931; x_wconf 90' lang='lat' dir='ltr'><strong>ditate</strong></span> <span class='ocrx_word' id='word_1_19' title='bbox 625 875 751 930; x_wconf 70' lang='lat' dir='ltr'><strong>structura</strong></span> <span class='ocrx_word' id='word_1_20' title='bbox 761 874 796 928; x_wconf 81' lang='lat' dir='ltr'><strong>est</strong></span> <span class='ocrx_word' id='word_1_21' title='bbox 806 874 951 944; x_wconf 81' lang='lat' dir='ltr'><strong>fabricata3</strong></span> <span class='ocrx_word' id='word_1_22' title='bbox 962 874 992 927; x_wconf 90' lang='lat' dir='ltr'><strong>in</strong></span> <span class='ocrx_word' id='word_1_23' title='bbox 1003 873 1078 927; x_wconf 85' lang='lat' dir='ltr'><strong>cuius</strong></span> <span class='ocrx_word' id='word_1_24' title='bbox 1086 871 1208 927; x_wconf 74' lang='lat' dir='ltr'>orientali</span> <span class='ocrx_word' id='word_1_25' title='bbox 1221 883 1294 944; x_wconf 85' lang='lat' dir='ltr'><strong>parte</strong></span> <span class='ocrx_word' id='word_1_26' title='bbox 1304 871 1387 926; x_wconf 78' lang='lat' dir='ltr'><strong>eltare</strong></span> <span class='ocrx_word' id='word_1_27' title='bbox 1395 873 1521 937; x_wconf 66' lang='lat' dir='ltr'><strong>hebetum</strong></span> <span class='ocrx_word' id='word_1_28' title='bbox 1530 873 1561 926; x_wconf 76' lang='lat' dir='ltr'><strong>ut</strong></span> 
     </span>
     <span class='ocr_line' id='line_1_5' title="bbox 532 951 1566 1025; baseline -0.008 -14"><span class='ocrx_word' id='word_1_29' title='bbox 532 958 667 1011; x_wconf 80' lang='lat' dir='ltr'><strong>dexteram</strong></span> <span class='ocrx_word' id='word_1_30' title='bbox 678 973 739 1010; x_wconf 83' lang='lat' dir='ltr'><strong>uero</strong></span> <span class='ocrx_word' id='word_1_31' title='bbox 750 954 865 1010; x_wconf 87' lang='lat' dir='ltr'><strong>eiusdem</strong></span> <span class='ocrx_word' id='word_1_32' title='bbox 875 955 964 1025; x_wconf 89' lang='lat' dir='ltr'><strong>partis,</strong></span> <span class='ocrx_word' id='word_1_33' title='bbox 974 955 1059 1009; x_wconf 63' lang='lat' dir='ltr'><strong>sende</strong></span> <span class='ocrx_word' id='word_1_34' title='bbox 1069 953 1159 1007; x_wconf 79' lang='lat' dir='ltr'><strong>Maris</strong></span> <span class='ocrx_word' id='word_1_35' title='bbox 1169 953 1274 1006; x_wconf 83' lang='lat' dir='ltr'><strong>saxeum</strong></span> <span class='ocrx_word' id='word_1_36' title='bbox 1283 952 1348 1006; x_wconf 84' lang='lat' dir='ltr'><strong>inell</strong></span> <span class='ocrx_word' id='word_1_37' title='bbox 1358 970 1478 1006; x_wconf 82' lang='lat' dir='ltr'><strong>vacnum</strong></span> <span class='ocrx_word' id='word_1_38' title='bbox 1488 951 1566 1023; x_wconf 87' lang='lat' dir='ltr'><strong>sepol-</strong></span> 
     </span>
     <span class='ocr_line' id='line_1_6' title="bbox 535 1031 1565 1105; baseline -0.006 -15"><span class='ocrx_word' id='word_1_39' title='bbox 535 1054 621 1100; x_wconf 89' lang='lat' dir='ltr'><strong>crum,</strong></span> <span class='ocrx_word' id='word_1_40' title='bbox 632 1035 724 1105; x_wconf 90' lang='lat' dir='ltr'><strong>inquo</strong></span> <span class='ocrx_word' id='word_1_41' title='bbox 738 1033 882 1105; x_wconf 82' lang='lat' dir='ltr'><strong>aliquando</strong></span> <span class='ocrx_word' id='word_1_42' title='bbox 895 1034 997 1105; x_wconf 91' lang='lat' dir='ltr'><strong>sepulta</strong></span> <span class='ocrx_word' id='word_1_43' title='bbox 1007 1033 1144 1104; x_wconf 78' lang='lat' dir='ltr'>requievit.</span> <span class='ocrx_word' id='word_1_44' title='bbox 1158 1033 1208 1086; x_wconf 87' lang='lat' dir='ltr'><strong>Sed</strong></span> <span class='ocrx_word' id='word_1_45' title='bbox 1217 1032 1249 1086; x_wconf 92' lang='lat' dir='ltr'><strong>de</strong></span> <span class='ocrx_word' id='word_1_46' title='bbox 1261 1033 1357 1086; x_wconf 89' lang='lat' dir='ltr'><strong>eodem</strong></span> <span class='ocrx_word' id='word_1_47' title='bbox 1371 1031 1495 1102; x_wconf 89' lang='lat' dir='ltr'><strong>sepulcro</strong></span> <span class='ocrx_word' id='word_1_48' title='bbox 1505 1049 1565 1102; x_wconf 88' lang='lat' dir='ltr'><strong>quo·</strong></span> 
     </span>
     <span class='ocr_line' id='line_1_7' title="bbox 537 1110 1564 1186; baseline -0.005 -17"><span class='ocrx_word' id='word_1_49' title='bbox 537 1116 620 1170; x_wconf 91' lang='lat' dir='ltr'><strong>modo</strong></span> <span class='ocrx_word' id='word_1_50' title='bbox 629 1113 672 1168; x_wconf 85' lang='lat' dir='ltr'><strong>vel</strong></span> <span class='ocrx_word' id='word_1_51' title='bbox 680 1131 735 1186; x_wconf 91' lang='lat' dir='ltr'><strong>quo</strong></span> <span class='ocrx_word' id='word_1_52' title='bbox 744 1125 865 1184; x_wconf 90' lang='lat' dir='ltr'><strong>tempore</strong></span> <span class='ocrx_word' id='word_1_53' title='bbox 873 1125 918 1168; x_wconf 87' lang='lat' dir='ltr'><strong>aut</strong></span> <span class='ocrx_word' id='word_1_54' title='bbox 927 1133 943 1166; x_wconf 83' lang='lat' dir='ltr'><strong>n</strong></span> <span class='ocrx_word' id='word_1_55' title='bbox 953 1114 1050 1186; x_wconf 89' lang='lat' dir='ltr'><strong>quibus</strong></span> <span class='ocrx_word' id='word_1_56' title='bbox 1057 1113 1172 1184; x_wconf 89' lang='lat' dir='ltr'><strong>personis</strong></span> <span class='ocrx_word' id='word_1_57' title='bbox 1181 1113 1299 1166; x_wconf 71' lang='lat' dir='ltr'><strong>santium</strong></span> <span class='ocrx_word' id='word_1_58' title='bbox 1313 1110 1506 1183; x_wconf 69' lang='lat' dir='ltr'><strong>corpusculum</strong></span> <span class='ocrx_word' id='word_1_59' title='bbox 1516 1111 1564 1164; x_wconf 84' lang='lat' dir='ltr'><strong>eius</strong></span> 
     </span>
     <span class='ocr_line' id='line_1_8' title="bbox 536 1190 1567 1264; baseline -0.004 -16"><span class='ocrx_word' id='word_1_60' title='bbox 536 1195 565 1249; x_wconf 84' lang='lat' dir='ltr'><strong>srt</strong></span> <span class='ocrx_word' id='word_1_61' title='bbox 574 1194 716 1260; x_wconf 86' lang='lat' dir='ltr'><strong>sublatum,</strong></span> <span class='ocrx_word' id='word_1_62' title='bbox 730 1193 772 1248; x_wconf 85' lang='lat' dir='ltr'><strong>vel</strong></span> <span class='ocrx_word' id='word_1_63' title='bbox 784 1192 812 1246; x_wconf 94' lang='lat' dir='ltr'><strong>in</strong></span> <span class='ocrx_word' id='word_1_64' title='bbox 826 1211 882 1264; x_wconf 92' lang='lat' dir='ltr'><strong>quo</strong></span> <span class='ocrx_word' id='word_1_65' title='bbox 894 1193 955 1247; x_wconf 90' lang='lat' dir='ltr'><strong>loco</strong></span> <span class='ocrx_word' id='word_1_66' title='bbox 968 1192 1182 1246; x_wconf 71' lang='lat' dir='ltr'><strong>resurreEliouem</strong></span> <span class='ocrx_word' id='word_1_67' title='bbox 1202 1192 1322 1262; x_wconf 74' lang='lat' dir='ltr'><strong>expediat</strong></span> <span class='ocrx_word' id='word_1_68' title='bbox 1335 1191 1439 1258; x_wconf 87' lang='lat' dir='ltr'><strong>nullus,</strong></span> <span class='ocrx_word' id='word_1_69' title='bbox 1452 1203 1483 1243; x_wconf 93' lang='lat' dir='ltr'><strong>ut</strong></span> <span class='ocrx_word' id='word_1_70' title='bbox 1496 1190 1567 1244; x_wconf 78' lang='lat' dir='ltr'><strong>resen</strong></span> 
     </span>
     <span class='ocr_line' id='line_1_9' title="bbox 537 1271 1566 1345; baseline -0.006 -16"><span class='ocrx_word' id='word_1_71' title='bbox 537 1273 696 1340; x_wconf 87' lang='lat' dir='ltr'><strong>leronimus,</strong></span> <span class='ocrx_word' id='word_1_72' title='bbox 714 1291 762 1344; x_wconf 93' lang='lat' dir='ltr'><strong>pro</strong></span> <span class='ocrx_word' id='word_1_73' title='bbox 776 1283 847 1326; x_wconf 88' lang='lat' dir='ltr'><strong>certo</strong></span> <span class='ocrx_word' id='word_1_74' title='bbox 864 1272 928 1326; x_wconf 92' lang='lat' dir='ltr'><strong>seire</strong></span> <span class='ocrx_word' id='word_1_75' title='bbox 947 1273 1038 1345; x_wconf 85' lang='lat' dir='ltr'><strong>potest.</strong></span> <span class='ocrx_word' id='word_1_76' title='bbox 1058 1275 1139 1326; x_wconf 85' lang='lat' dir='ltr'><strong>Hanc</strong></span> <span class='ocrx_word' id='word_1_77' title='bbox 1154 1271 1306 1326; x_wconf 84' lang='lat' dir='ltr'><strong>inferiorem</strong></span> <span class='ocrx_word' id='word_1_78' title='bbox 1321 1271 1469 1324; x_wconf 82' lang='lat' dir='ltr'><strong>rotundam</strong></span> <span class='ocrx_word' id='word_1_79' title='bbox 1481 1271 1566 1324; x_wconf 66' lang='lat' dir='ltr'><strong>San&amp;</strong></span> 
     </span>
     <span class='ocr_line' id='line_1_10' title="bbox 538 1351 1567 1423; baseline -0.005 -14"><span class='ocrx_word' id='word_1_80' title='bbox 538 1355 627 1409; x_wconf 83' lang='lat' dir='ltr'><strong>Maris</strong></span> <span class='ocrx_word' id='word_1_81' title='bbox 639 1353 773 1408; x_wconf 84' lang='lat' dir='ltr'><strong>ecclefiam</strong></span> <span class='ocrx_word' id='word_1_82' title='bbox 782 1352 919 1420; x_wconf 76' lang='lat' dir='ltr'>intrantes,</span> <span class='ocrx_word' id='word_1_83' title='bbox 929 1352 1004 1407; x_wconf 80' lang='lat' dir='ltr'><strong>illam</strong></span> <span class='ocrx_word' id='word_1_84' title='bbox 1017 1351 1107 1406; x_wconf 87' lang='lat' dir='ltr'><strong>vident</strong></span> <span class='ocrx_word' id='word_1_85' title='bbox 1114 1363 1215 1423; x_wconf 87' lang='lat' dir='ltr'><strong>petram</strong></span> <span class='ocrx_word' id='word_1_86' title='bbox 1229 1351 1263 1404; x_wconf 89' lang='lat' dir='ltr'><strong>ad</strong></span> <span class='ocrx_word' id='word_1_87' title='bbox 1272 1351 1408 1405; x_wconf 82' lang='lat' dir='ltr'><strong>dexteram</strong></span> <span class='ocrx_word' id='word_1_88' title='bbox 1415 1351 1523 1422; x_wconf 85' lang='lat' dir='ltr'><strong>perietis</strong></span> <span class='ocrx_word' id='word_1_89' title='bbox 1531 1351 1567 1404; x_wconf 89' lang='lat' dir='ltr'><strong>in·</strong></span> 
     </span>
     <span class='ocr_line' id='line_1_11' title="bbox 487 1430 1565 1503; baseline -0.004 -15"><span class='ocrx_word' id='word_1_90' title='bbox 487 1449 491 1458; x_wconf 92' lang='lat'>·</span> <span class='ocrx_word' id='word_1_91' title='bbox 536 1430 1565 1503; x_wconf 58' lang='lat' dir='ltr'><strong>sertam,supraquamDominusoraritadPatremllexisgeoibumnteboram</strong></span> 
     </span>
     <span class='ocr_line' id='line_1_12' title="bbox 536 1512 1569 1586; baseline -0.004 -16"><span class='ocrx_word' id='word_1_92' title='bbox 536 1516 693 1570; x_wconf 76' lang='lat' dir='ltr'><strong>traditionis.</strong></span> <span class='ocrx_word' id='word_1_93' title='bbox 706 1517 736 1568; x_wconf 93' lang='lat' dir='ltr'><strong>ln</strong></span> <span class='ocrx_word' id='word_1_94' title='bbox 749 1533 801 1586; x_wconf 90' lang='lat' dir='ltr'><strong>qua</strong></span> <span class='ocrx_word' id='word_1_95' title='bbox 815 1514 938 1568; x_wconf 80' lang='lat' dir='ltr'><strong>videlicet</strong></span> <span class='ocrx_word' id='word_1_96' title='bbox 949 1525 1032 1586; x_wconf 77' lang='lat' dir='ltr'><strong>petro,</strong></span> <span class='ocrx_word' id='word_1_97' title='bbox 1045 1513 1153 1584; x_wconf 76' lang='lat' dir='ltr'><strong>uestigia</strong></span> <span class='ocrx_word' id='word_1_98' title='bbox 1166 1514 1281 1567; x_wconf 88' lang='lat' dir='ltr'><strong>duorum</strong></span> <span class='ocrx_word' id='word_1_99' title='bbox 1292 1529 1415 1584; x_wconf 83' lang='lat' dir='ltr'><strong>genuum</strong></span> <span class='ocrx_word' id='word_1_100' title='bbox 1437 1513 1496 1565; x_wconf 85' lang='lat' dir='ltr'><strong>eins</strong></span> <span class='ocrx_word' id='word_1_101' title='bbox 1505 1512 1569 1583; x_wconf 82' lang='lat' dir='ltr'><strong>quali</strong></span> 
     </span>
     <span class='ocr_line' id='line_1_13' title="bbox 536 1592 1568 1666; baseline -0.004 -16"><span class='ocrx_word' id='word_1_102' title='bbox 536 1596 565 1650; x_wconf 93' lang='lat' dir='ltr'><strong>in</strong></span> <span class='ocrx_word' id='word_1_103' title='bbox 578 1613 639 1650; x_wconf 88' lang='lat' dir='ltr'><strong>cera</strong></span> <span class='ocrx_word' id='word_1_104' title='bbox 650 1595 801 1649; x_wconf 83' lang='lat' dir='ltr'><strong>mollilsrma</strong></span> <span class='ocrx_word' id='word_1_105' title='bbox 815 1593 973 1665; x_wconf 83' lang='lat' dir='ltr'><strong>profundius</strong></span> <span class='ocrx_word' id='word_1_106' title='bbox 988 1593 1110 1666; x_wconf 80' lang='lat' dir='ltr'><strong>impressa</strong></span> <span class='ocrx_word' id='word_1_107' title='bbox 1123 1604 1275 1648; x_wconf 86' lang='lat' dir='ltr'><strong>cernuntur.</strong></span> <span class='ocrx_word' id='word_1_108' title='bbox 1294 1592 1401 1646; x_wconf 84' lang='lat' dir='ltr'><strong>Deinde</strong></span> <span class='ocrx_word' id='word_1_109' title='bbox 1424 1609 1482 1646; x_wconf 88' lang='lat' dir='ltr'><strong>non</strong></span> <span class='ocrx_word' id='word_1_110' title='bbox 1494 1592 1568 1662; x_wconf 77' lang='lat' dir='ltr'><strong>longe</strong></span> 
     </span>
     <span class='ocr_line' id='line_1_14' title="bbox 538 1671 1566 1747; baseline -0.005 -17"><span class='ocrx_word' id='word_1_111' title='bbox 538 1678 571 1730; x_wconf 88' lang='lat' dir='ltr'><strong>ab</strong></span> <span class='ocrx_word' id='word_1_112' title='bbox 584 1675 691 1730; x_wconf 80' lang='lat' dir='ltr'><strong>ecclesia</strong></span> <span class='ocrx_word' id='word_1_113' title='bbox 703 1675 796 1729; x_wconf 70' lang='lat' dir='ltr'><strong>Sandis</strong></span> <span class='ocrx_word' id='word_1_114' title='bbox 810 1674 907 1741; x_wconf 84' lang='lat' dir='ltr'><strong>Marie,</strong></span> <span class='ocrx_word' id='word_1_115' title='bbox 923 1673 951 1727; x_wconf 90' lang='lat' dir='ltr'><strong>in</strong></span> <span class='ocrx_word' id='word_1_116' title='bbox 968 1693 1022 1747; x_wconf 85' lang='lat' dir='ltr'><strong>qua</strong></span> <span class='ocrx_word' id='word_1_117' title='bbox 1040 1673 1116 1746; x_wconf 88' lang='lat' dir='ltr'><strong>iplius</strong></span> <span class='ocrx_word' id='word_1_118' title='bbox 1128 1673 1277 1744; x_wconf 85' lang='lat' dir='ltr'><strong>sepulcrum</strong></span> <span class='ocrx_word' id='word_1_119' title='bbox 1296 1672 1424 1737; x_wconf 86' lang='lat' dir='ltr'><strong>cernitur,</strong></span> <span class='ocrx_word' id='word_1_120' title='bbox 1439 1673 1467 1726; x_wconf 92' lang='lat' dir='ltr'><strong>in</strong></span> <span class='ocrx_word' id='word_1_121' title='bbox 1481 1671 1566 1726; x_wconf 84' lang='lat' dir='ltr'><strong>eadem</strong></span> 
     </span>
     <span class='ocr_line' id='line_1_15' title="bbox 538 1753 1568 1827; baseline -0.003 -17"><span class='ocrx_word' id='word_1_122' title='bbox 538 1755 605 1810; x_wconf 81' lang='lat' dir='ltr'><strong>valle</strong></span> <span class='ocrx_word' id='word_1_123' title='bbox 619 1756 752 1827; x_wconf 79' lang='lat' dir='ltr'><strong>Iosophat,</strong></span> <span class='ocrx_word' id='word_1_124' title='bbox 766 1753 895 1808; x_wconf 78' lang='lat' dir='ltr'><strong>turricula</strong></span> <span class='ocrx_word' id='word_1_125' title='bbox 908 1755 1024 1826; x_wconf 80' lang='lat' dir='ltr'><strong>quedam</strong></span> <span class='ocrx_word' id='word_1_126' title='bbox 1037 1755 1141 1826; x_wconf 82' lang='lat' dir='ltr'><strong>lapidea</strong></span> <span class='ocrx_word' id='word_1_127' title='bbox 1153 1754 1187 1807; x_wconf 82' lang='lat' dir='ltr'><strong>ad</strong></span> <span class='ocrx_word' id='word_1_128' title='bbox 1200 1754 1335 1807; x_wconf 77' lang='lat' dir='ltr'><strong>dexteram</strong></span> <span class='ocrx_word' id='word_1_129' title='bbox 1347 1753 1462 1807; x_wconf 86' lang='lat' dir='ltr'><strong>coberet</strong></span> <span class='ocrx_word' id='word_1_130' title='bbox 1471 1763 1568 1825; x_wconf 75' lang='lat' dir='ltr'><strong>partem</strong></span> 
     </span>
     <span class='ocr_line' id='line_1_16' title="bbox 538 1833 1568 1909; baseline -0.003 -20"><span class='ocrx_word' id='word_1_131' title='bbox 538 1837 571 1890; x_wconf 89' lang='lat' dir='ltr'><strong>de</strong></span> <span class='ocrx_word' id='word_1_132' title='bbox 590 1852 656 1909; x_wconf 88' lang='lat' dir='ltr'><strong>rupe</strong></span> <span class='ocrx_word' id='word_1_133' title='bbox 678 1833 763 1888; x_wconf 80' lang='lat' dir='ltr'><strong>excisa</strong></span> <span class='ocrx_word' id='word_1_134' title='bbox 782 1836 808 1888; x_wconf 78' lang='lat' dir='ltr'><strong>st</strong></span> <span class='ocrx_word' id='word_1_135' title='bbox 824 1836 942 1904; x_wconf 86' lang='lat' dir='ltr'><strong>separata</strong></span> <span class='ocrx_word' id='word_1_136' title='bbox 954 1853 970 1886; x_wconf 86' lang='lat' dir='ltr'><strong>a</strong></span> <span class='ocrx_word' id='word_1_137' title='bbox 982 1845 1074 1888; x_wconf 90' lang='lat' dir='ltr'><strong>monte</strong></span> <span class='ocrx_word' id='word_1_138' title='bbox 1087 1833 1195 1900; x_wconf 84' lang='lat' dir='ltr'><strong>Oliveti,</strong></span> <span class='ocrx_word' id='word_1_139' title='bbox 1214 1833 1242 1886; x_wconf 94' lang='lat' dir='ltr'><strong>in</strong></span> <span class='ocrx_word' id='word_1_140' title='bbox 1254 1851 1308 1904; x_wconf 83' lang='lat' dir='ltr'><strong>qua</strong></span> <span class='ocrx_word' id='word_1_141' title='bbox 1320 1833 1481 1888; x_wconf 84' lang='lat' dir='ltr'><strong>intrinsecus</strong></span> <span class='ocrx_word' id='word_1_142' title='bbox 1494 1833 1568 1887; x_wconf 80' lang='lat' dir='ltr'><strong>fenn-</strong></span> 
     </span>
     <span class='ocr_line' id='line_1_17' title="bbox 538 1912 1568 1985; baseline -0.003 -16"><span class='ocrx_word' id='word_1_143' title='bbox 538 1915 634 1969; x_wconf 88' lang='lat' dir='ltr'><strong>mentis</strong></span> <span class='ocrx_word' id='word_1_144' title='bbox 653 1925 746 1968; x_wconf 83' lang='lat' dir='ltr'><strong>cauata</strong></span> <span class='ocrx_word' id='word_1_145' title='bbox 762 1914 817 1967; x_wconf 91' lang='lat' dir='ltr'><strong>duo</strong></span> <span class='ocrx_word' id='word_1_146' title='bbox 830 1913 1007 1968; x_wconf 83' lang='lat' dir='ltr'><strong>monstrantur</strong></span> <span class='ocrx_word' id='word_1_147' title='bbox 1018 1915 1146 1984; x_wconf 84' lang='lat' dir='ltr'><strong>sepulcra,</strong></span> <span class='ocrx_word' id='word_1_148' title='bbox 1163 1930 1279 1985; x_wconf 91' lang='lat' dir='ltr'><strong>quorum</strong></span> <span class='ocrx_word' id='word_1_149' title='bbox 1294 1930 1379 1967; x_wconf 88' lang='lat' dir='ltr'><strong>unum</strong></span> <span class='ocrx_word' id='word_1_150' title='bbox 1389 1912 1526 1968; x_wconf 82' lang='lat' dir='ltr'><strong>Simeonis</strong></span> <span class='ocrx_word' id='word_1_151' title='bbox 1536 1913 1568 1966; x_wconf 77' lang='lat' dir='ltr'><strong>es</strong></span> 
     </span>
     <span class='ocr_line' id='line_1_18' title="bbox 538 1992 1566 2065; baseline -0.002 -17"><span class='ocrx_word' id='word_1_152' title='bbox 538 1995 605 2062; x_wconf 79' lang='lat' dir='ltr'><strong>iusti,</strong></span> <span class='ocrx_word' id='word_1_153' title='bbox 624 1993 672 2065; x_wconf 90' lang='lat' dir='ltr'><strong>qui</strong></span> <span class='ocrx_word' id='word_1_154' title='bbox 689 1993 840 2047; x_wconf 90' lang='lat' dir='ltr'><strong>Dominum</strong></span> <span class='ocrx_word' id='word_1_155' title='bbox 863 1993 975 2065; x_wconf 80' lang='lat' dir='ltr'><strong>suscepit</strong></span> <span class='ocrx_word' id='word_1_156' title='bbox 994 1993 1022 2046; x_wconf 95' lang='lat' dir='ltr'><strong>in</strong></span> <span class='ocrx_word' id='word_1_157' title='bbox 1042 1993 1120 2060; x_wconf 85' lang='lat' dir='ltr'><strong>ulnis,</strong></span> <span class='ocrx_word' id='word_1_158' title='bbox 1137 1993 1203 2048; x_wconf 83' lang='lat' dir='ltr'><strong>alter</strong></span> <span class='ocrx_word' id='word_1_159' title='bbox 1220 2009 1281 2047; x_wconf 82' lang='lat' dir='ltr'><strong>vero</strong></span> <span class='ocrx_word' id='word_1_160' title='bbox 1299 1992 1335 2046; x_wconf 79' lang='lat' dir='ltr'><strong>est</strong></span> <span class='ocrx_word' id='word_1_161' title='bbox 1354 1993 1464 2064; x_wconf 87' lang='lat' dir='ltr'><strong>Ioseph,</strong></span> <span class='ocrx_word' id='word_1_162' title='bbox 1486 1993 1566 2046; x_wconf 66' lang='lat' dir='ltr'><strong>sande</strong></span> 
     </span>
     <span class='ocr_line' id='line_1_19' title="bbox 539 2072 1567 2145; baseline -0.001 -17"><span class='ocrx_word' id='word_1_163' title='bbox 539 2074 628 2128; x_wconf 87' lang='lat' dir='ltr'><strong>Marie</strong></span> <span class='ocrx_word' id='word_1_164' title='bbox 649 2073 731 2145; x_wconf 85' lang='lat' dir='ltr'><strong>spousi</strong></span> <span class='ocrx_word' id='word_1_165' title='bbox 752 2074 778 2126; x_wconf 77' lang='lat' dir='ltr'><strong>st</strong></span> <span class='ocrx_word' id='word_1_166' title='bbox 802 2073 915 2127; x_wconf 88' lang='lat' dir='ltr'><strong>Domini</strong></span> <span class='ocrx_word' id='word_1_167' title='bbox 937 2073 1081 2128; x_wconf 89' lang='lat' dir='ltr'><strong>nutritoris.</strong></span> <span class='ocrx_word' id='word_1_168' title='bbox 1105 2076 1139 2127; x_wconf 90' lang='lat' dir='ltr'><strong>ln</strong></span> <span class='ocrx_word' id='word_1_169' title='bbox 1157 2073 1238 2127; x_wconf 86' lang='lat' dir='ltr'><strong>latere</strong></span> <span class='ocrx_word' id='word_1_170' title='bbox 1263 2091 1325 2127; x_wconf 83' lang='lat' dir='ltr'><strong>vero</strong></span> <span class='ocrx_word' id='word_1_171' title='bbox 1346 2073 1449 2126; x_wconf 84' lang='lat' dir='ltr'><strong>montis</strong></span> <span class='ocrx_word' id='word_1_172' title='bbox 1473 2072 1567 2128; x_wconf 80' lang='lat' dir='ltr'><strong>Oliveti</strong></span> 
     </span>
    </p>
   </div>
   <div class='ocr_carea' id='block_1_3' title="bbox 538 2153 1657 2305">
    <p class='ocr_par' dir='ltr' id='par_1_3' title="bbox 538 2153 1657 2305">
     <span class='ocr_line' id='line_1_20' title="bbox 538 2153 1657 2227; baseline 0 -19"><span class='ocrx_word' id='word_1_173' title='bbox 538 2155 653 2227; x_wconf 88' lang='lat' dir='ltr'><strong>quedam</strong></span> <span class='ocrx_word' id='word_1_174' title='bbox 667 2154 703 2206; x_wconf 88' lang='lat' dir='ltr'><strong>est</strong></span> <span class='ocrx_word' id='word_1_175' title='bbox 714 2153 840 2224; x_wconf 90' lang='lat' dir='ltr'><strong>spelunca</strong></span> <span class='ocrx_word' id='word_1_176' title='bbox 853 2154 918 2208; x_wconf 84' lang='lat' dir='ltr'><strong>bant</strong></span> <span class='ocrx_word' id='word_1_177' title='bbox 930 2154 1024 2224; x_wconf 90' lang='lat' dir='ltr'><strong>procul</strong></span> <span class='ocrx_word' id='word_1_178' title='bbox 1036 2156 1071 2208; x_wconf 85' lang='lat' dir='ltr'><strong>ab</strong></span> <span class='ocrx_word' id='word_1_179' title='bbox 1082 2153 1189 2208; x_wconf 81' lang='lat' dir='ltr'><strong>ecclesia</strong></span> <span class='ocrx_word' id='word_1_180' title='bbox 1201 2154 1293 2208; x_wconf 70' lang='lat' dir='ltr'><strong>Sandis</strong></span> <span class='ocrx_word' id='word_1_181' title='bbox 1308 2153 1398 2206; x_wconf 86' lang='lat' dir='ltr'><strong>Man&#39;e</strong></span> <span class='ocrx_word' id='word_1_182' title='bbox 1410 2153 1440 2206; x_wconf 89' lang='lat' dir='ltr'><strong>in</strong></span> <span class='ocrx_word' id='word_1_183' title='bbox 1454 2153 1568 2208; x_wconf 90' lang='lat' dir='ltr'><strong>eminen-</strong></span> <span class='ocrx_word' id='word_1_184' title='bbox 1656 2207 1657 2220; x_wconf 57' lang='grc'>,</span> 
     </span>
     <span class='ocr_line' id='line_1_21' title="bbox 538 2229 1657 2305; baseline 0.001 -17"><span class='ocrx_word' id='word_1_185' title='bbox 538 2234 597 2288; x_wconf 90' lang='lat' dir='ltr'><strong>tiori</strong></span> <span class='ocrx_word' id='word_1_186' title='bbox 608 2233 670 2287; x_wconf 89' lang='lat' dir='ltr'><strong>loco</strong></span> <span class='ocrx_word' id='word_1_187' title='bbox 682 2244 777 2287; x_wconf 86' lang='lat' dir='ltr'><strong>contra</strong></span> <span class='ocrx_word' id='word_1_188' title='bbox 787 2233 882 2288; x_wconf 84' lang='lat' dir='ltr'><strong>uallem</strong></span> <span class='ocrx_word' id='word_1_189' title='bbox 896 2234 1035 2304; x_wconf 82' lang='lat' dir='ltr'><strong>losapbat,</strong></span> <span class='ocrx_word' id='word_1_190' title='bbox 1046 2233 1074 2286; x_wconf 92' lang='lat' dir='ltr'><strong>in</strong></span> <span class='ocrx_word' id='word_1_191' title='bbox 1094 2252 1149 2305; x_wconf 83' lang='lat' dir='ltr'><strong>qua</strong></span> <span class='ocrx_word' id='word_1_192' title='bbox 1162 2234 1217 2287; x_wconf 91' lang='lat' dir='ltr'><strong>duo</strong></span> <span class='ocrx_word' id='word_1_193' title='bbox 1229 2233 1426 2304; x_wconf 84' lang='lat' dir='ltr'><strong>profundissimi</strong></span> <span class='ocrx_word' id='word_1_194' title='bbox 1441 2234 1569 2288; x_wconf 82' lang='lat' dir='ltr'><strong>habentur</strong></span> <span class='ocrx_word' id='word_1_195' title='bbox 1656 2229 1657 2254; x_wconf 63' lang='lat'>¹</span> 
     </span>
    </p>
   </div>
   <div class='ocr_carea' id='block_1_4' title="bbox 538 2313 1572 3109">
    <p class='ocr_par' dir='ltr' id='par_1_4' title="bbox 538 2313 1572 3109">
     <span class='ocr_line' id='line_1_22' title="bbox 538 2313 1568 2388; baseline -0.002 -20"><span class='ocrx_word' id='word_1_196' title='bbox 538 2315 622 2388; x_wconf 90' lang='lat' dir='ltr'><strong>putei,</strong></span> <span class='ocrx_word' id='word_1_197' title='bbox 640 2331 757 2386; x_wconf 88' lang='lat' dir='ltr'><strong>quorum</strong></span> <span class='ocrx_word' id='word_1_198' title='bbox 774 2331 858 2366; x_wconf 90' lang='lat' dir='ltr'><strong>unum</strong></span> <span class='ocrx_word' id='word_1_199' title='bbox 879 2313 1035 2367; x_wconf 87' lang='lat' dir='ltr'><strong>submonte</strong></span> <span class='ocrx_word' id='word_1_200' title='bbox 1052 2313 1081 2367; x_wconf 92' lang='lat' dir='ltr'><strong>in</strong></span> <span class='ocrx_word' id='word_1_201' title='bbox 1093 2314 1176 2367; x_wconf 86' lang='lat' dir='ltr'><strong>altum</strong></span> <span class='ocrx_word' id='word_1_202' title='bbox 1198 2313 1302 2368; x_wconf 80' lang='lat' dir='ltr'><strong>infinita</strong></span> <span class='ocrx_word' id='word_1_203' title='bbox 1313 2313 1500 2384; x_wconf 78' lang='lat' dir='ltr'><strong>profunditate</strong></span> <span class='ocrx_word' id='word_1_204' title='bbox 1512 2331 1568 2384; x_wconf 89' lang='lat' dir='ltr'><strong>pro·</strong></span> 
     </span>
     <span class='ocr_line' id='line_1_23' title="bbox 539 2393 1568 2465; baseline 0 -17"><span class='ocrx_word' id='word_1_205' title='bbox 539 2397 633 2450; x_wconf 74' lang='lat' dir='ltr'><strong>dusius</strong></span> <span class='ocrx_word' id='word_1_206' title='bbox 645 2393 804 2458; x_wconf 82' lang='lat' dir='ltr'><strong>extenditur,</strong></span> <span class='ocrx_word' id='word_1_207' title='bbox 820 2393 886 2447; x_wconf 86' lang='lat' dir='ltr'><strong>alter</strong></span> <span class='ocrx_word' id='word_1_208' title='bbox 896 2411 959 2448; x_wconf 84' lang='lat' dir='ltr'><strong>vero</strong></span> <span class='ocrx_word' id='word_1_209' title='bbox 970 2393 999 2446; x_wconf 92' lang='lat' dir='ltr'><strong>iu</strong></span> <span class='ocrx_word' id='word_1_210' title='bbox 1011 2393 1134 2464; x_wconf 90' lang='lat' dir='ltr'><strong>spelunce</strong></span> <span class='ocrx_word' id='word_1_211' title='bbox 1153 2394 1316 2465; x_wconf 82' lang='lat' dir='ltr'><strong>parimento,</strong></span> <span class='ocrx_word' id='word_1_212' title='bbox 1333 2393 1412 2448; x_wconf 89' lang='lat' dir='ltr'><strong>cuius</strong></span> <span class='ocrx_word' id='word_1_213' title='bbox 1424 2393 1568 2460; x_wconf 71' lang='lat' dir='ltr'><strong>ustinus,</strong></span> 
     </span>
     <span class='ocr_line' id='line_1_24' title="bbox 539 2475 1570 2547; baseline 0 -16"><span class='ocrx_word' id='word_1_214' title='bbox 539 2488 570 2531; x_wconf 91' lang='lat' dir='ltr'><strong>ut</strong></span> <span class='ocrx_word' id='word_1_215' title='bbox 581 2477 675 2542; x_wconf 86' lang='lat' dir='ltr'><strong>sertor,</strong></span> <span class='ocrx_word' id='word_1_216' title='bbox 692 2475 790 2529; x_wconf 83' lang='lat' dir='ltr'><strong>cavitas</strong></span> <span class='ocrx_word' id='word_1_217' title='bbox 802 2475 830 2528; x_wconf 91' lang='lat' dir='ltr'><strong>in</strong></span> <span class='ocrx_word' id='word_1_218' title='bbox 844 2475 1008 2547; x_wconf 87' lang='lat' dir='ltr'><strong>profundum</strong></span> <span class='ocrx_word' id='word_1_219' title='bbox 1026 2475 1138 2530; x_wconf 84' lang='lat' dir='ltr'><strong>dimersa</strong></span> <span class='ocrx_word' id='word_1_220' title='bbox 1150 2475 1308 2530; x_wconf 85' lang='lat' dir='ltr'><strong>descendens</strong></span> <span class='ocrx_word' id='word_1_221' title='bbox 1321 2477 1394 2530; x_wconf 69' lang='lat' dir='ltr'><strong>redo</strong></span> <span class='ocrx_word' id='word_1_222' title='bbox 1410 2478 1499 2531; x_wconf 71' lang='lat' dir='ltr'><strong>masto</strong></span> <span class='ocrx_word' id='word_1_223' title='bbox 1513 2476 1570 2530; x_wconf 87' lang='lat' dir='ltr'><strong>diri-</strong></span> 
     </span>
     <span class='ocr_line' id='line_1_25' title="bbox 539 2555 1570 2630; baseline 0.002 -19"><span class='ocrx_word' id='word_1_224' title='bbox 539 2557 624 2628; x_wconf 75' lang='lat' dir='ltr'><strong>gitur3</strong></span> <span class='ocrx_word' id='word_1_225' title='bbox 638 2555 685 2627; x_wconf 90' lang='lat' dir='ltr'><strong>qui</strong></span> <span class='ocrx_word' id='word_1_226' title='bbox 698 2556 753 2609; x_wconf 89' lang='lat' dir='ltr'><strong>duo</strong></span> <span class='ocrx_word' id='word_1_227' title='bbox 762 2556 837 2626; x_wconf 88' lang='lat' dir='ltr'><strong>putei</strong></span> <span class='ocrx_word' id='word_1_228' title='bbox 849 2557 951 2628; x_wconf 84' lang='lat' dir='ltr'><strong>semper</strong></span> <span class='ocrx_word' id='word_1_229' title='bbox 963 2557 1132 2612; x_wconf 83' lang='lat' dir='ltr'><strong>clauduntur.</strong></span> <span class='ocrx_word' id='word_1_230' title='bbox 1145 2558 1178 2609; x_wconf 94' lang='lat' dir='ltr'><strong>In</strong></span> <span class='ocrx_word' id='word_1_231' title='bbox 1190 2557 1283 2611; x_wconf 83' lang='lat' dir='ltr'><strong>eadem</strong></span> <span class='ocrx_word' id='word_1_232' title='bbox 1296 2557 1423 2628; x_wconf 81' lang='lat' dir='ltr'><strong>spelunca</strong></span> <span class='ocrx_word' id='word_1_233' title='bbox 1435 2560 1499 2613; x_wconf 88' lang='lat' dir='ltr'><strong>sunt</strong></span> <span class='ocrx_word' id='word_1_234' title='bbox 1509 2577 1570 2630; x_wconf 76' lang='lat' dir='ltr'><strong>qne·</strong></span> 
     </span>
     <span class='ocr_line' id='line_1_26' title="bbox 538 2636 1570 2708; baseline 0.001 -17"><span class='ocrx_word' id='word_1_235' title='bbox 538 2651 601 2693; x_wconf 90' lang='lat' dir='ltr'><strong>tuor</strong></span> <span class='ocrx_word' id='word_1_236' title='bbox 613 2636 715 2707; x_wconf 80' lang='lat' dir='ltr'><strong>lapidee</strong></span> <span class='ocrx_word' id='word_1_237' title='bbox 728 2637 830 2703; x_wconf 90' lang='lat' dir='ltr'><strong>mense,</strong></span> <span class='ocrx_word' id='word_1_238' title='bbox 844 2655 957 2708; x_wconf 83' lang='lat' dir='ltr'><strong>quarum</strong></span> <span class='ocrx_word' id='word_1_239' title='bbox 972 2655 1026 2691; x_wconf 89' lang='lat' dir='ltr'><strong>una</strong></span> <span class='ocrx_word' id='word_1_240' title='bbox 1038 2638 1073 2691; x_wconf 88' lang='lat' dir='ltr'><strong>est</strong></span> <span class='ocrx_word' id='word_1_241' title='bbox 1085 2637 1159 2690; x_wconf 84' lang='lat' dir='ltr'><strong>iuxta</strong></span> <span class='ocrx_word' id='word_1_242' title='bbox 1170 2637 1309 2692; x_wconf 90' lang='lat' dir='ltr'><strong>introitum</strong></span> <span class='ocrx_word' id='word_1_243' title='bbox 1323 2637 1450 2708; x_wconf 89' lang='lat' dir='ltr'><strong>spelunce</strong></span> <span class='ocrx_word' id='word_1_244' title='bbox 1460 2639 1570 2693; x_wconf 84' lang='lat' dir='ltr'><strong>Domini</strong></span> 
     </span>
     <span class='ocr_line' id='line_1_27' title="bbox 540 2717 1570 2789; baseline 0 -17"><span class='ocrx_word' id='word_1_245' title='bbox 540 2718 635 2786; x_wconf 64' lang='lat' dir='ltr'><strong>lbesup</strong></span> <span class='ocrx_word' id='word_1_246' title='bbox 648 2717 692 2771; x_wconf 91' lang='lat' dir='ltr'><strong>cui</strong></span> <span class='ocrx_word' id='word_1_247' title='bbox 706 2717 800 2788; x_wconf 84' lang='lat' dir='ltr'><strong>procul</strong></span> <span class='ocrx_word' id='word_1_248' title='bbox 815 2717 898 2771; x_wconf 90' lang='lat' dir='ltr'><strong>dubio</strong></span> <span class='ocrx_word' id='word_1_249' title='bbox 909 2719 996 2772; x_wconf 90' lang='lat' dir='ltr'><strong>mense</strong></span> <span class='ocrx_word' id='word_1_250' title='bbox 1009 2719 1080 2772; x_wconf 88' lang='lat' dir='ltr'><strong>sedes</strong></span> <span class='ocrx_word' id='word_1_251' title='bbox 1089 2718 1166 2789; x_wconf 83' lang='lat' dir='ltr'><strong>ipfius</strong></span> <span class='ocrx_word' id='word_1_252' title='bbox 1175 2719 1283 2772; x_wconf 86' lang='lat' dir='ltr'><strong>adheret</strong></span> <span class='ocrx_word' id='word_1_253' title='bbox 1295 2717 1417 2772; x_wconf 88' lang='lat' dir='ltr'><strong>obicum</strong></span> <span class='ocrx_word' id='word_1_254' title='bbox 1428 2719 1570 2774; x_wconf 84' lang='lat' dir='ltr'><strong>duodecim</strong></span> 
     </span>
     <span class='ocr_line' id='line_1_28' title="bbox 540 2797 1571 2870; baseline 0.001 -17"><span class='ocrx_word' id='word_1_255' title='bbox 540 2797 662 2870; x_wconf 80' lang='lat' dir='ltr'><strong>apostolis</strong></span> <span class='ocrx_word' id='word_1_256' title='bbox 682 2799 837 2851; x_wconf 86' lang='lat' dir='ltr'><strong>recumbere</strong></span> <span class='ocrx_word' id='word_1_257' title='bbox 858 2797 892 2851; x_wconf 85' lang='lat' dir='ltr'><strong>ad</strong></span> <span class='ocrx_word' id='word_1_258' title='bbox 912 2797 1129 2852; x_wconf 88' lang='lat' dir='ltr'><strong>manducandum</strong></span> <span class='ocrx_word' id='word_1_259' title='bbox 1150 2799 1242 2852; x_wconf 89' lang='lat' dir='ltr'><strong>solitus</strong></span> <span class='ocrx_word' id='word_1_260' title='bbox 1257 2799 1316 2869; x_wconf 83' lang='lat' dir='ltr'><strong>sepe</strong></span> <span class='ocrx_word' id='word_1_261' title='bbox 1333 2810 1396 2852; x_wconf 83' lang='lat' dir='ltr'><strong>erat.</strong></span> <span class='ocrx_word' id='word_1_262' title='bbox 1418 2799 1498 2854; x_wconf 87' lang='lat' dir='ltr'><strong>Illius</strong></span> <span class='ocrx_word' id='word_1_263' title='bbox 1514 2817 1571 2854; x_wconf 81' lang='lat' dir='ltr'><strong>vero</strong></span> 
     </span>
     <span class='ocr_line' id='line_1_29' title="bbox 539 2877 1572 2952; baseline 0 -18"><span class='ocrx_word' id='word_1_264' title='bbox 539 2879 613 2952; x_wconf 89' lang='lat' dir='ltr'><strong>putei</strong></span> <span class='ocrx_word' id='word_1_265' title='bbox 629 2897 660 2933; x_wconf 87' lang='lat' dir='ltr'><strong>os</strong></span> <span class='ocrx_word' id='word_1_266' title='bbox 674 2878 803 2944; x_wconf 85' lang='lat' dir='ltr'><strong>clausum,</strong></span> <span class='ocrx_word' id='word_1_267' title='bbox 822 2896 903 2948; x_wconf 88' lang='lat' dir='ltr'><strong>quem</strong></span> <span class='ocrx_word' id='word_1_268' title='bbox 920 2877 948 2930; x_wconf 90' lang='lat' dir='ltr'><strong>in</strong></span> <span class='ocrx_word' id='word_1_269' title='bbox 961 2877 1113 2949; x_wconf 83' lang='lat' dir='ltr'><strong>pavimento</strong></span> <span class='ocrx_word' id='word_1_270' title='bbox 1126 2877 1249 2949; x_wconf 88' lang='lat' dir='ltr'><strong>spelunce</strong></span> <span class='ocrx_word' id='word_1_271' title='bbox 1263 2877 1342 2932; x_wconf 82' lang='lat' dir='ltr'><strong>ineffe</strong></span> <span class='ocrx_word' id='word_1_272' title='bbox 1353 2879 1431 2950; x_wconf 86' lang='lat' dir='ltr'><strong>super</strong></span> <span class='ocrx_word' id='word_1_273' title='bbox 1442 2880 1572 2952; x_wconf 72' lang='lat' dir='ltr'><strong>descrips-</strong></span> 
     </span>
     <span class='ocr_line' id='line_1_30' title="bbox 541 2957 1570 3032; baseline -0.003 -16"><span class='ocrx_word' id='word_1_274' title='bbox 541 2979 610 3026; x_wconf 85' lang='lat' dir='ltr'><strong>mus,</strong></span> <span class='ocrx_word' id='word_1_275' title='bbox 624 2957 801 3030; x_wconf 79' lang='lat' dir='ltr'><strong>apostolorum</strong></span> <span class='ocrx_word' id='word_1_276' title='bbox 817 2959 918 3012; x_wconf 87' lang='lat' dir='ltr'><strong>mensas</strong></span> <span class='ocrx_word' id='word_1_277' title='bbox 931 2957 1155 3029; x_wconf 83' lang='lat' dir='ltr'><strong>proprieebabere</strong></span> <span class='ocrx_word' id='word_1_278' title='bbox 1174 2958 1340 3013; x_wconf 81' lang='lat' dir='ltr'><strong>monstratur.</strong></span> <span class='ocrx_word' id='word_1_279' title='bbox 1354 2959 1437 3013; x_wconf 85' lang='lat' dir='ltr'><strong>Porta</strong></span> <span class='ocrx_word' id='word_1_280' title='bbox 1454 2978 1570 3032; x_wconf 85' lang='lat' dir='ltr'><strong>namque</strong></span> 
     </span>
     <span class='ocr_line' id='line_1_31' title="bbox 540 3037 1571 3109; baseline -0.001 -14"><span class='ocrx_word' id='word_1_281' title='bbox 540 3040 629 3096; x_wconf 78' lang='lat' dir='ltr'><strong>David</strong></span> <span class='ocrx_word' id='word_1_282' title='bbox 637 3038 736 3093; x_wconf 86' lang='lat' dir='ltr'><strong>montis</strong></span> <span class='ocrx_word' id='word_1_283' title='bbox 746 3038 809 3092; x_wconf 89' lang='lat' dir='ltr'><strong>Sion</strong></span> <span class='ocrx_word' id='word_1_284' title='bbox 817 3037 895 3092; x_wconf 90' lang='lat' dir='ltr'><strong>molli</strong></span> <span class='ocrx_word' id='word_1_285' title='bbox 901 3037 971 3093; x_wconf 86' lang='lat' dir='ltr'><strong>cliuo</strong></span> <span class='ocrx_word' id='word_1_286' title='bbox 981 3040 1016 3092; x_wconf 87' lang='lat' dir='ltr'><strong>ab</strong></span> <span class='ocrx_word' id='word_1_287' title='bbox 1022 3038 1182 3092; x_wconf 78' lang='lat' dir='ltr'><strong>occidentali</strong></span> <span class='ocrx_word' id='word_1_288' title='bbox 1192 3039 1300 3092; x_wconf 77' lang='lat' dir='ltr'><strong>adheret</strong></span> <span class='ocrx_word' id='word_1_289' title='bbox 1307 3050 1388 3109; x_wconf 85' lang='lat' dir='ltr'><strong>parte.</strong></span> <span class='ocrx_word' id='word_1_290' title='bbox 1397 3040 1450 3093; x_wconf 85' lang='lat' dir='ltr'><strong>Per</strong></span> <span class='ocrx_word' id='word_1_291' title='bbox 1460 3042 1571 3094; x_wconf 77' lang='lat' dir='ltr'><strong>eundem</strong></span> 
     </span>
    </p>
   </div>
   <div class='ocr_carea' id='block_1_5' title="bbox 539 3117 1659 3194">
    <p class='ocr_par' dir='ltr' id='par_1_5' title="bbox 539 3117 1659 3194">
     <span class='ocr_line' id='line_1_32' title="bbox 539 3117 1659 3194; baseline -0.003 -19"><span class='ocrx_word' id='word_1_292' title='bbox 539 3131 643 3194; x_wconf 88' lang='lat' dir='ltr'><strong>portam</strong></span> <span class='ocrx_word' id='word_1_293' title='bbox 664 3119 698 3172; x_wconf 88' lang='lat' dir='ltr'><strong>de</strong></span> <span class='ocrx_word' id='word_1_294' title='bbox 712 3117 819 3172; x_wconf 82' lang='lat' dir='ltr'><strong>civitate</strong></span> <span class='ocrx_word' id='word_1_295' title='bbox 838 3117 1034 3188; x_wconf 74' lang='lat' dir='ltr'><strong>egredientibus</strong></span> <span class='ocrx_word' id='word_1_296' title='bbox 1050 3118 1084 3172; x_wconf 85' lang='lat' dir='ltr'><strong>ad</strong></span> <span class='ocrx_word' id='word_1_297' title='bbox 1102 3118 1225 3172; x_wconf 79' lang='lat' dir='ltr'><strong>sinistram</strong></span> <span class='ocrx_word' id='word_1_298' title='bbox 1246 3119 1359 3173; x_wconf 86' lang='lat' dir='ltr'><strong>babetur</strong></span> <span class='ocrx_word' id='word_1_299' title='bbox 1377 3119 1439 3174; x_wconf 90' lang='lat' dir='ltr'><strong>sons</strong></span> <span class='ocrx_word' id='word_1_300' title='bbox 1451 3120 1571 3191; x_wconf 81' lang='lat' dir='ltr'><strong>lapideus</strong></span> <span class='ocrx_word' id='word_1_301' title='bbox 1658 3119 1659 3172; x_wconf 63' lang='lat' dir='ltr'><strong>l</strong></span> 
     </span>
    </p>
   </div>
   <div class='ocr_carea' id='block_1_6' title="bbox 538 3198 1572 3738">
    <p class='ocr_par' dir='ltr' id='par_1_6' title="bbox 538 3198 1572 3738">
     <span class='ocr_line' id='line_1_33' title="bbox 539 3198 1571 3273; baseline -0.001 -18"><span class='ocrx_word' id='word_1_302' title='bbox 539 3219 585 3273; x_wconf 84' lang='lat' dir='ltr'><strong>pcr</strong></span> <span class='ocrx_word' id='word_1_303' title='bbox 597 3201 691 3255; x_wconf 83' lang='lat' dir='ltr'><strong>vallem</strong></span> <span class='ocrx_word' id='word_1_304' title='bbox 701 3200 728 3254; x_wconf 92' lang='lat' dir='ltr'><strong>in</strong></span> <span class='ocrx_word' id='word_1_305' title='bbox 739 3201 854 3260; x_wconf 80' lang='lat' dir='ltr'><strong>austrum</strong></span> <span class='ocrx_word' id='word_1_306' title='bbox 862 3201 932 3254; x_wconf 71' lang='lat' dir='ltr'><strong>resto</strong></span> <span class='ocrx_word' id='word_1_307' title='bbox 940 3200 1053 3255; x_wconf 74' lang='lat' dir='ltr'><strong>dueslus</strong></span> <span class='ocrx_word' id='word_1_308' title='bbox 1066 3199 1178 3266; x_wconf 80' lang='lat' dir='ltr'><strong>tramite,</strong></span> <span class='ocrx_word' id='word_1_309' title='bbox 1186 3198 1291 3253; x_wconf 86' lang='lat' dir='ltr'><strong>arcibus</strong></span> <span class='ocrx_word' id='word_1_310' title='bbox 1301 3199 1431 3254; x_wconf 84' lang='lat' dir='ltr'><strong>suffultus.</strong></span> <span class='ocrx_word' id='word_1_311' title='bbox 1443 3201 1496 3255; x_wconf 84' lang='lat' dir='ltr'><strong>Per</strong></span> <span class='ocrx_word' id='word_1_312' title='bbox 1504 3203 1571 3256; x_wconf 80' lang='lat' dir='ltr'><strong>bene</strong></span> 
     </span>
     <span class='ocr_line' id='line_1_34' title="bbox 539 3280 1571 3353; baseline 0.001 -18"><span class='ocrx_word' id='word_1_313' title='bbox 539 3293 643 3353; x_wconf 85' lang='lat' dir='ltr'><strong>portam</strong></span> <span class='ocrx_word' id='word_1_314' title='bbox 665 3282 698 3334; x_wconf 86' lang='lat' dir='ltr'><strong>ab</strong></span> <span class='ocrx_word' id='word_1_315' title='bbox 715 3281 855 3334; x_wconf 87' lang='lat' dir='ltr'><strong>ierusalem</strong></span> <span class='ocrx_word' id='word_1_316' title='bbox 875 3282 958 3352; x_wconf 90' lang='lat' dir='ltr'><strong>usque</strong></span> <span class='ocrx_word' id='word_1_317' title='bbox 980 3283 1014 3334; x_wconf 86' lang='lat' dir='ltr'><strong>ad</strong></span> <span class='ocrx_word' id='word_1_318' title='bbox 1035 3280 1169 3334; x_wconf 82' lang='lat' dir='ltr'><strong>civitatem</strong></span> <span class='ocrx_word' id='word_1_319' title='bbox 1192 3280 1340 3334; x_wconf 87' lang='lat' dir='ltr'><strong>Samuhelis</strong></span> <span class='ocrx_word' id='word_1_320' title='bbox 1360 3299 1414 3352; x_wconf 89' lang='lat' dir='ltr'><strong>que</strong></span> <span class='ocrx_word' id='word_1_321' title='bbox 1436 3281 1571 3336; x_wconf 77' lang='lat' dir='ltr'><strong>Ramatba</strong></span> 
     </span>
     <span class='ocr_line' id='line_1_35' title="bbox 540 3360 1569 3432; baseline 0.002 -17"><span class='ocrx_word' id='word_1_322' title='bbox 540 3361 695 3416; x_wconf 86' lang='lat' dir='ltr'><strong>nominatur</strong></span> <span class='ocrx_word' id='word_1_323' title='bbox 712 3362 737 3414; x_wconf 78' lang='lat' dir='ltr'><strong>se</strong></span> <span class='ocrx_word' id='word_1_324' title='bbox 756 3362 837 3432; x_wconf 90' lang='lat' dir='ltr'><strong>nsque</strong></span> <span class='ocrx_word' id='word_1_325' title='bbox 856 3361 891 3414; x_wconf 82' lang='lat' dir='ltr'><strong>nd</strong></span> <span class='ocrx_word' id='word_1_326' title='bbox 907 3362 1046 3416; x_wconf 81' lang='lat' dir='ltr'><strong>cesaream</strong></span> <span class='ocrx_word' id='word_1_327' title='bbox 1059 3360 1188 3415; x_wconf 84' lang='lat' dir='ltr'><strong>Palestine</strong></span> <span class='ocrx_word' id='word_1_328' title='bbox 1206 3377 1312 3414; x_wconf 89' lang='lat' dir='ltr'><strong>necnon</strong></span> <span class='ocrx_word' id='word_1_329' title='bbox 1325 3361 1351 3413; x_wconf 74' lang='lat' dir='ltr'><strong>st</strong></span> <span class='ocrx_word' id='word_1_330' title='bbox 1369 3362 1453 3432; x_wconf 90' lang='lat' dir='ltr'><strong>usque</strong></span> <span class='ocrx_word' id='word_1_331' title='bbox 1466 3363 1569 3417; x_wconf 76' lang='lat' dir='ltr'><strong>Gazam</strong></span> 
     </span>
     <span class='ocr_line' id='line_1_36' title="bbox 539 3440 1569 3513; baseline 0.001 -18"><span class='ocrx_word' id='word_1_332' title='bbox 539 3442 588 3495; x_wconf 90' lang='lat' dir='ltr'><strong>iter</strong></span> <span class='ocrx_word' id='word_1_333' title='bbox 607 3442 726 3495; x_wconf 80' lang='lat' dir='ltr'><strong>habetur.</strong></span> <span class='ocrx_word' id='word_1_334' title='bbox 744 3443 823 3494; x_wconf 80' lang='lat' dir='ltr'><strong>iuxta</strong></span> <span class='ocrx_word' id='word_1_335' title='bbox 842 3442 971 3511; x_wconf 77' lang='lat' dir='ltr'><strong>prefatum</strong></span> <span class='ocrx_word' id='word_1_336' title='bbox 991 3453 1095 3513; x_wconf 88' lang='lat' dir='ltr'><strong>portam</strong></span> <span class='ocrx_word' id='word_1_337' title='bbox 1112 3440 1158 3494; x_wconf 90' lang='lat' dir='ltr'><strong>ille</strong></span> <span class='ocrx_word' id='word_1_338' title='bbox 1170 3440 1274 3495; x_wconf 89' lang='lat' dir='ltr'><strong>vicinus</strong></span> <span class='ocrx_word' id='word_1_339' title='bbox 1291 3442 1404 3495; x_wconf 80' lang='lat' dir='ltr'><strong>habetur</strong></span> <span class='ocrx_word' id='word_1_340' title='bbox 1419 3442 1507 3510; x_wconf 86' lang='lat' dir='ltr'><strong>locus,</strong></span> <span class='ocrx_word' id='word_1_341' title='bbox 1524 3445 1569 3496; x_wconf 89' lang='lat' dir='ltr'><strong>nbi</strong></span> 
     </span>
     <span class='ocr_line' id='line_1_37' title="bbox 540 3521 1571 3596; baseline 0 -20"><span class='ocrx_word' id='word_1_342' title='bbox 540 3522 620 3576; x_wconf 88' lang='lat' dir='ltr'><strong>ludas</strong></span> <span class='ocrx_word' id='word_1_343' title='bbox 630 3521 755 3575; x_wconf 88' lang='lat' dir='ltr'><strong>Scariotis</strong></span> <span class='ocrx_word' id='word_1_344' title='bbox 765 3521 863 3592; x_wconf 88' lang='lat' dir='ltr'><strong>laqueo</strong></span> <span class='ocrx_word' id='word_1_345' title='bbox 877 3522 902 3575; x_wconf 90' lang='lat' dir='ltr'><strong>se</strong></span> <span class='ocrx_word' id='word_1_346' title='bbox 911 3521 1050 3592; x_wconf 89' lang='lat' dir='ltr'><strong>suspendit.</strong></span> <span class='ocrx_word' id='word_1_347' title='bbox 1064 3522 1167 3576; x_wconf 87' lang='lat' dir='ltr'><strong>ibidem</strong></span> <span class='ocrx_word' id='word_1_348' title='bbox 1182 3524 1207 3576; x_wconf 79' lang='lat' dir='ltr'><strong>se</strong></span> <span class='ocrx_word' id='word_1_349' title='bbox 1221 3523 1328 3594; x_wconf 78' lang='lat' dir='ltr'><strong>grandis</strong></span> <span class='ocrx_word' id='word_1_350' title='bbox 1339 3523 1472 3596; x_wconf 89' lang='lat' dir='ltr'><strong>hodieque</strong></span> <span class='ocrx_word' id='word_1_351' title='bbox 1486 3523 1571 3577; x_wconf 90' lang='lat' dir='ltr'><strong>mons·</strong></span> 
     </span>
     <span class='ocr_line' id='line_1_38' title="bbox 540 3601 1572 3676; baseline 0.005 -22"><span class='ocrx_word' id='word_1_352' title='bbox 540 3613 623 3655; x_wconf 80' lang='lat' dir='ltr'><strong>tratur</strong></span> <span class='ocrx_word' id='word_1_353' title='bbox 642 3601 709 3655; x_wconf 88' lang='lat' dir='ltr'><strong>ficus</strong></span> <span class='ocrx_word' id='word_1_354' title='bbox 728 3603 774 3656; x_wconf 88' lang='lat' dir='ltr'><strong>ubi</strong></span> <span class='ocrx_word' id='word_1_355' title='bbox 786 3603 810 3657; x_wconf 89' lang='lat' dir='ltr'><strong>se</strong></span> <span class='ocrx_word' id='word_1_356' title='bbox 823 3603 982 3675; x_wconf 84' lang='lat' dir='ltr'><strong>illaqueatus</strong></span> <span class='ocrx_word' id='word_1_357' title='bbox 994 3603 1132 3676; x_wconf 88' lang='lat' dir='ltr'><strong>pependit,</strong></span> <span class='ocrx_word' id='word_1_358' title='bbox 1150 3602 1215 3658; x_wconf 88' lang='lat' dir='ltr'><strong>licut</strong></span> <span class='ocrx_word' id='word_1_359' title='bbox 1231 3606 1364 3660; x_wconf 83' lang='lat' dir='ltr'><strong>iuvencus</strong></span> <span class='ocrx_word' id='word_1_360' title='bbox 1375 3605 1500 3676; x_wconf 80' lang='lat' dir='ltr'><strong>presbiter</strong></span> <span class='ocrx_word' id='word_1_361' title='bbox 1518 3623 1572 3659; x_wconf 82' lang='lat' dir='ltr'><strong>ver·</strong></span> 
     </span>
     <span class='ocr_line' id='line_1_39' title="bbox 538 3681 753 3738; baseline 0.014 -3"><span class='ocrx_word' id='word_1_362' title='bbox 538 3681 633 3736; x_wconf 86' lang='lat' dir='ltr'><strong>lidicus</strong></span> <span class='ocrx_word' id='word_1_363' title='bbox 645 3681 753 3738; x_wconf 81' lang='lat' dir='ltr'><strong>cecinits</strong></span> 
     </span>
    </p>
   </div>
   <div class='ocr_carea' id='block_1_7' title="bbox 761 3783 1349 3854">
    <p class='ocr_par' dir='ltr' id='par_1_7' title="bbox 761 3783 1349 3854">
     <span class='ocr_line' id='line_1_40' title="bbox 761 3783 1349 3854; baseline 0.002 -18"><span class='ocrx_word' id='word_1_364' title='bbox 761 3783 898 3850; x_wconf 77' lang='lat' dir='ltr'><strong>informem</strong></span> <span class='ocrx_word' id='word_1_365' title='bbox 911 3783 1002 3854; x_wconf 83' lang='lat' dir='ltr'><strong>rapuit</strong></span> <span class='ocrx_word' id='word_1_366' title='bbox 1005 3785 1074 3854; x_wconf 76' lang='lat' dir='ltr'><strong>ficus</strong></span> <span class='ocrx_word' id='word_1_367' title='bbox 1085 3785 1117 3837; x_wconf 80' lang='lat' dir='ltr'><strong>de</strong></span> <span class='ocrx_word' id='word_1_368' title='bbox 1129 3784 1229 3838; x_wconf 81' lang='lat' dir='ltr'><strong>vertice</strong></span> <span class='ocrx_word' id='word_1_369' title='bbox 1240 3795 1349 3838; x_wconf 75' lang='lat' dir='ltr'><strong>mortem</strong></span> 
     </span>
    </p>
   </div>
   <div class='ocr_carea' id='block_1_8' title="bbox 539 3940 1571 4336">
    <p class='ocr_par' dir='ltr' id='par_1_8' title="bbox 539 3940 1571 4336">
     <span class='ocr_line' id='line_1_41' title="bbox 572 3940 1568 3997; baseline 0.003 -3"><span class='ocrx_word' id='word_1_370' title='bbox 572 3940 680 3995; x_wconf 89' lang='lat' dir='ltr'><strong>Dehinc</strong></span> <span class='ocrx_word' id='word_1_371' title='bbox 691 3941 794 3995; x_wconf 70' lang='lat' dir='ltr'><strong>sanstus</strong></span> <span class='ocrx_word' id='word_1_372' title='bbox 805 3941 937 3996; x_wconf 87' lang='lat' dir='ltr'><strong>Arculsus</strong></span> <span class='ocrx_word' id='word_1_373' title='bbox 951 3941 1040 3996; x_wconf 90' lang='lat' dir='ltr'><strong>scribit</strong></span> <span class='ocrx_word' id='word_1_374' title='bbox 1052 3942 1085 3995; x_wconf 92' lang='lat' dir='ltr'><strong>de</strong></span> <span class='ocrx_word' id='word_1_375' title='bbox 1103 3941 1167 3995; x_wconf 91' lang='lat' dir='ltr'><strong>loco</strong></span> <span class='ocrx_word' id='word_1_376' title='bbox 1181 3941 1229 3996; x_wconf 94' lang='lat' dir='ltr'><strong>illo</strong></span> <span class='ocrx_word' id='word_1_377' title='bbox 1249 3941 1295 3996; x_wconf 92' lang='lat' dir='ltr'><strong>ubi</strong></span> <span class='ocrx_word' id='word_1_378' title='bbox 1308 3941 1412 3996; x_wconf 85' lang='lat' dir='ltr'><strong>cenarit</strong></span> <span class='ocrx_word' id='word_1_379' title='bbox 1430 3942 1568 3997; x_wconf 79' lang='lat' dir='ltr'><strong>Dominus</strong></span> 
     </span>
     <span class='ocr_line' id='line_1_42' title="bbox 540 4021 1570 4094; baseline 0.002 -18"><span class='ocrx_word' id='word_1_380' title='bbox 540 4039 602 4076; x_wconf 88' lang='lat' dir='ltr'><strong>cum</strong></span> <span class='ocrx_word' id='word_1_381' title='bbox 618 4021 752 4091; x_wconf 85' lang='lat' dir='ltr'><strong>discipulis</strong></span> <span class='ocrx_word' id='word_1_382' title='bbox 770 4021 821 4076; x_wconf 86' lang='lat' dir='ltr'><strong>suis</strong></span> <span class='ocrx_word' id='word_1_383' title='bbox 838 4024 864 4076; x_wconf 77' lang='lat' dir='ltr'><strong>st</strong></span> <span class='ocrx_word' id='word_1_384' title='bbox 875 4021 922 4076; x_wconf 89' lang='lat' dir='ltr'><strong>ubi</strong></span> <span class='ocrx_word' id='word_1_385' title='bbox 938 4023 1048 4094; x_wconf 89' lang='lat' dir='ltr'><strong>Spiritus</strong></span> <span class='ocrx_word' id='word_1_386' title='bbox 1063 4023 1172 4076; x_wconf 72' lang='lat' dir='ltr'><strong>sannas</strong></span> <span class='ocrx_word' id='word_1_387' title='bbox 1191 4023 1218 4075; x_wconf 94' lang='lat' dir='ltr'><strong>in</strong></span> <span class='ocrx_word' id='word_1_388' title='bbox 1234 4021 1278 4076; x_wconf 88' lang='lat' dir='ltr'><strong>die</strong></span> <span class='ocrx_word' id='word_1_389' title='bbox 1295 4023 1383 4077; x_wconf 72' lang='lat' dir='ltr'><strong>tanao</strong></span> <span class='ocrx_word' id='word_1_390' title='bbox 1396 4023 1570 4078; x_wconf 77' lang='lat' dir='ltr'><strong>Pentecosten</strong></span> 
     </span>
     <span class='ocr_line' id='line_1_43' title="bbox 539 4101 1570 4174; baseline 0.003 -19"><span class='ocrx_word' id='word_1_391' title='bbox 539 4102 673 4156; x_wconf 88' lang='lat' dir='ltr'><strong>descendit</strong></span> <span class='ocrx_word' id='word_1_392' title='bbox 689 4103 765 4173; x_wconf 91' lang='lat' dir='ltr'><strong>super</strong></span> <span class='ocrx_word' id='word_1_393' title='bbox 782 4101 923 4174; x_wconf 80' lang='lat' dir='ltr'><strong>apostolos,</strong></span> <span class='ocrx_word' id='word_1_394' title='bbox 940 4103 985 4157; x_wconf 87' lang='lat' dir='ltr'><strong>ubi</strong></span> <span class='ocrx_word' id='word_1_395' title='bbox 998 4104 1127 4173; x_wconf 76' lang='lat' dir='ltr'><strong>grandem</strong></span> <span class='ocrx_word' id='word_1_396' title='bbox 1142 4101 1274 4157; x_wconf 77' lang='lat' dir='ltr'><strong>bessicam</strong></span> <span class='ocrx_word' id='word_1_397' title='bbox 1291 4102 1356 4157; x_wconf 88' lang='lat' dir='ltr'><strong>dicit</strong></span> <span class='ocrx_word' id='word_1_398' title='bbox 1374 4101 1424 4157; x_wconf 83' lang='lat' dir='ltr'><strong>effe</strong></span> <span class='ocrx_word' id='word_1_399' title='bbox 1438 4104 1570 4158; x_wconf 81' lang='lat' dir='ltr'><strong>conibue-</strong></span> 
     </span>
     <span class='ocr_line' id='line_1_44' title="bbox 540 4181 1571 4255; baseline 0.003 -20"><span class='ocrx_word' id='word_1_400' title='bbox 540 4195 597 4236; x_wconf 81' lang='lat' dir='ltr'><strong>tam</strong></span> <span class='ocrx_word' id='word_1_401' title='bbox 615 4181 643 4234; x_wconf 90' lang='lat' dir='ltr'><strong>in</strong></span> <span class='ocrx_word' id='word_1_402' title='bbox 660 4183 757 4237; x_wconf 83' lang='lat' dir='ltr'><strong>uertice</strong></span> <span class='ocrx_word' id='word_1_403' title='bbox 776 4183 875 4236; x_wconf 86' lang='lat' dir='ltr'><strong>montis</strong></span> <span class='ocrx_word' id='word_1_404' title='bbox 888 4183 961 4249; x_wconf 84' lang='lat' dir='ltr'><strong>Sion,</strong></span> <span class='ocrx_word' id='word_1_405' title='bbox 978 4202 1031 4254; x_wconf 91' lang='lat' dir='ltr'><strong>que</strong></span> <span class='ocrx_word' id='word_1_406' title='bbox 1052 4182 1194 4254; x_wconf 83' lang='lat' dir='ltr'><strong>apostolica</strong></span> <span class='ocrx_word' id='word_1_407' title='bbox 1208 4182 1314 4238; x_wconf 80' lang='lat' dir='ltr'><strong>ecclesa</strong></span> <span class='ocrx_word' id='word_1_408' title='bbox 1326 4183 1482 4255; x_wconf 86' lang='lat' dir='ltr'><strong>appellatur.</strong></span> <span class='ocrx_word' id='word_1_409' title='bbox 1502 4185 1571 4238; x_wconf 86' lang='lat' dir='ltr'><strong>Illuc</strong></span> 
     </span>
     <span class='ocr_line' id='line_1_45' title="bbox 541 4262 1568 4336; baseline -0.001 -16"><span class='ocrx_word' id='word_1_410' title='bbox 541 4262 656 4320; x_wconf 87' lang='lat' dir='ltr'><strong>cernitur</strong></span> <span class='ocrx_word' id='word_1_411' title='bbox 676 4263 821 4336; x_wconf 88' lang='lat' dir='ltr'><strong>columpna</strong></span> <span class='ocrx_word' id='word_1_412' title='bbox 840 4263 885 4317; x_wconf 93' lang='lat' dir='ltr'><strong>ubi</strong></span> <span class='ocrx_word' id='word_1_413' title='bbox 903 4263 1051 4335; x_wconf 80' lang='lat' dir='ltr'><strong>flagellatus</strong></span> <span class='ocrx_word' id='word_1_414' title='bbox 1067 4263 1102 4317; x_wconf 86' lang='lat' dir='ltr'><strong>eli</strong></span> <span class='ocrx_word' id='word_1_415' title='bbox 1115 4263 1260 4332; x_wconf 88' lang='lat' dir='ltr'><strong>Dominus,</strong></span> <span class='ocrx_word' id='word_1_416' title='bbox 1277 4263 1489 4336; x_wconf 84' lang='lat' dir='ltr'><strong>monstraturque</strong></span> <span class='ocrx_word' id='word_1_417' title='bbox 1505 4265 1568 4319; x_wconf 89' lang='lat' dir='ltr'><strong>illuc</strong></span> 
     </span>
    </p>
   </div>
   <div class='ocr_carea' id='block_1_9' title="bbox 0 0 1688 5700">
    <p class='ocr_par' dir='ltr' id='par_1_9' title="bbox 0 0 1688 5700">
     <span class='ocr_line' id='line_1_46' title="bbox 0 0 1688 5700; baseline 0 0"><span class='ocrx_word' id='word_1_418' title='bbox 0 0 1688 5700; x_wconf 95' lang='lat' dir='ltr'><strong> </strong></span> 
     </span>
    </p>
   </div>
  </div>
 </body>
</html>
