3432 5710
500 551 571 627 266
958 531 1074 653 (rui)

498 788 642 872 yconiam
663 786 813 851 ostendit:
838 805 911 852 tunc
934 791 1032 852 statim
1056 791 1105 853 leo
1126 809 1267 858 mortuus
1293 795 1420 857 cecidit.
1445 795 1535 858 Venit

498 877 592 958 igitur
604 875 640 937 ad
658 876 739 939 illam
755 876 916 941 solitariam
929 877 958 940 δι
971 879 1166 962 interrogata,
1181 897 1282 944 utrum
1295 881 1444 965 portasset
1455 906 1534 967 yma-

498 965 602 1048 ginem
624 987 680 1047 pro
703 989 764 1047 qua
786 969 956 1050 rogaverat,
972 968 1024 1030 illa
1040 971 1172 1052 negavit,
1187 972 1314 1051 cupiens
1329 969 1456 1034 sibimet
1468 975 1532 1034 reti·

498 1075 581 1116 nere.
590 1054 673 1119 Cum
685 1071 787 1116 autern
800 1055 892 1118 vellet
902 1059 995 1135 abire,
1004 1057 1099 1121 hostia
1110 1060 1221 1123 domus
1233 1061 1316 1122 exire
1325 1083 1393 1122 non
1411 1077 1536 1143 poterat,

499 1141 599 1204 donec
610 1146 771 1206 veritatem
786 1143 918 1208 consessa
932 1145 977 1208 illi
992 1146 1131 1210 solitariae
1140 1150 1315 1231 ymaginem
1331 1148 1535 1231 praesentaret.

501 1227 608 1314 Quam
623 1233 734 1296 devote
750 1232 910 1316 suscipiens
926 1236 956 1296 in
977 1235 1029 1298 suo
1044 1239 1178 1299 oratorio
1197 1236 1365 1300 collocavit
1381 1236 1536 1321 ipsamque

498 1319 676 1384 cottidianis
692 1322 833 1403 precibus
853 1322 882 1386 dt
903 1323 1037 1387 lacrimis
1051 1325 1239 1402 bonoravit;
1259 1343 1333 1388 tunc
1348 1325 1416 1408 ipsa
1428 1329 1537 1410 yconio

499 1405 604 1471 oleum
620 1408 724 1472 sudare
746 1431 808 1472 non
828 1410 958 1474 cessavit.
981 1412 1114 1475 Mortua
1135 1413 1187 1475 illa
1205 1414 1346 1494 solitaria,
1369 1416 1402 1476 in
1428 1415 1535 1478 eodem

499 1500 570 1563 loco
595 1503 626 1562 in
651 1501 769 1565 bonore
794 1504 889 1565 beatae
906 1502 1017 1566 Mariae
1032 1505 1169 1588 Virginis
1186 1507 1366 1588 praedislum
1383 1507 1535 1567 monaste-

497 1590 578 1651 rium
592 1589 635 1652 esi
648 1591 858 1654 construslum
870 1614 927 1655 nec
939 1615 1085 1676 umquam
1098 1595 1209 1656 destrui
1222 1597 1324 1678 potuit
1336 1595 1535 1658 aSarracenis

499 1677 548 1741 vel
557 1678 696 1744 Tartaris
710 1697 818 1744 terram
827 1682 934 1744 &loca
947 1681 1027 1745 sacra
1039 1681 1238 1762 visitantibus,
1249 1685 1337 1747 beata
1352 1684 1462 1746 Maria
1476 1684 1534 1746 visr-

499 1769 599 1832 biliter
614 1786 803 1852 protegente.
823 1799 834 1826 o

569 1905 727 1974 [Ludolpbus
736 1907 769 1957 de
781 1906 909 1972 Sudbeim,
922 1910 961 1959 De
973 1909 1063 1962 Itinere
1077 1907 1105 1960 T.
1114 1911 1147 1973 S„
1161 1927 1220 1980 pars
1234 1913 1257 1976 1,
1270 1930 1292 1964 c.
1306 1929 1334 1974 ¹7
1349 1913 1493 1980 (Archiou
1506 1915 1536 1963 de

494 1985 605 2038 I'Orienl
615 1983 686 2050 latin,
698 1998 718 2037 t.
734 1987 769 2048 11,
785 1986 906 2052 Docum,
919 2006 943 2056 p.
959 1991 1038 2056 36r);
1054 1988 1088 2041 cs.
1104 1989 1145 2042 ed.
1156 1991 1188 2043 D.
1200 1993 1305 2060 Deycks
1320 1993 1475 2062 (stuttg-art,
1491 1991 1534 2042 Lit.

498 2065 601 2128 Verein,
618 2065 707 2133 1851),
722 2084 744 2135 p.
757 2069 826 2132 roo]

540 2217 551 2244 ι
571 2188 622 2252 De
638 2190 786 2279 Damasco
806 2192 932 2274 proceffi
951 2193 987 2254 ad
1011 2193 1175 2276 imaginem
1196 2194 1224 2254 b.
1240 2194 1378 2276 Virginis
1406 2198 1438 2256 in
1464 2194 1532 2256 Sor-

498 2279 581 2361 dony,
602 2279 652 2340 ubi
678 2279 720 2341 est
742 2280 827 2343 locus
854 2280 939 2344 fortis
958 2280 1044 2362 supra
1065 2298 1193 2365 petram,
1215 2281 1250 2342 ad
1274 2283 1404 2345 modum
1422 2282 1533 2344 castelli

498 2383 634 2430 muratus
649 2369 679 2430 in
702 2368 842 2446 circuitu,
857 2369 887 2431 in
910 2391 972 2452 quo
993 2368 1060 2432 satis
1081 2369 1208 2452 pulchra
1224 2371 1266 2431 est
1285 2369 1422 2434 ecclesia.
1438 2371 1532 2434 Retro

497 2458 595 2520 maius
609 2456 702 2518 altare
718 2456 806 2540 ipsius
824 2459 854 2519 in
870 2480 960 2520 muro
976 2457 1079 2520 tabula
1090 2459 1231 2542 quaedam
1242 2477 1324 2520 retro
1335 2463 1424 2542 nigra
1435 2460 1465 2522 δι
1479 2461 1531 2522 bu-

497 2547 580 2608 mida
594 2546 736 2622 cernitur,
756 2547 785 2607 in
806 2567 867 2627 qua
887 2547 988 2628 imago
1010 2545 1148 2627 gloriosae
1163 2547 1300 2629 Virginis
1322 2547 1396 2608 olim
1414 2547 1533 2629 depidla

497 2631 581 2695 fuisse
603 2631 748 2712 silentur,
764 2633 812 2695 sed
836 2651 960 2716 propter
982 2633 1161 2696 vetustatem
1183 2634 1261 2697 nihil
1281 2636 1319 2696 de
1340 2635 1532 2698 lineamentis

496 2721 601 2805 figurae
619 2720 812 2804 distinguitur
833 2724 862 2784 in
886 2724 1004 2800 eadem,
1024 2720 1078 2784 nisi
1101 2727 1184 2807 quod
1208 2723 1309 2807 aliqua
1338 2743 1425 2806 parte
1451 2724 1533 2786 color

496 2813 607 2874 rubeus
623 2812 698 2874 mibi
713 2811 872 2873 videbatur
893 2810 1066 2894 aliqualiter
1081 2834 1236 2894 apparere.
1261 2812 1337 2874 Haec
1353 2813 1457 2876 tabula
1471 2835 1531 2875 me-

497 2900 609 2963 diocris
632 2899 818 2982 quantitatis,
842 2899 928 2981 super
952 2920 1003 2962 vas
1029 2899 1186 2983 quoddam
1209 2921 1417 2963 marmoreum
1443 2901 1532 2985 posita

498 2991 577 3052 intra
601 3009 717 3066 muros,
738 2987 882 3050 cancellis
904 2988 1008 3051 ferreis
1032 2993 1221 3070 praemunita,
1241 2991 1279 3051 de
1300 2990 1361 3072 ipsa
1381 2991 1531 3054 visrbiliter

498 3078 601 3141 oleum
624 3076 704 3159 quasi
729 3078 875 3139 continue
898 3077 997 3156 stillat,
1013 3078 1096 3159 quod
1122 3079 1265 3141 monachi
1287 3079 1473 3161 recipientes
1496 3079 1530 3140 de

498 3168 564 3230 vase
579 3187 764 3244 marmore0,
779 3168 862 3249 quod
886 3165 988 3229 subtus
1002 3165 1055 3244 est,
1070 3188 1125 3248 per
1141 3166 1296 3230 cancellos
1315 3166 1448 3232 immillo
1463 3170 1529 3231 cbo·

498 3253 631 3316 chleario
644 3256 809 3337 peregrinis
821 3255 1004 3317 distribuunt
1013 3253 1080 3316 satis
1092 3254 1188 3338 large:
1201 3277 1256 3338 per
1268 3278 1392 3319 omnem
1404 3258 1530 3318 modurn

498 3340 689 3405 videturesse
705 3343 808 3405 oleum
824 3345 923 3406 olivae.

542 3458 553 3490 ι
573 3430 698 3494 Dicitur
713 3433 796 3515 quod
816 3433 981 3516 aliquando
1002 3432 1041 3494 de
1060 3433 1118 3494 bac
1134 3433 1267 3515 imagine
1282 3433 1384 3496 oleum
1402 3437 1529 3497 miracu·

498 3520 559 3584 lose
573 3521 676 3596 fluxit3
692 3520 739 3582 sed
756 3519 776 3582 fi
793 3523 853 3583 boc
873 3522 999 3605 quidem
1018 3523 1113 3582 modo
1128 3521 1205 3604 fluit,
1227 3523 1333 3585 divino
1353 3524 1429 3587 fluat
1445 3524 1529 3584 mira·

497 3611 579 3690 culo,
600 3610 820 3672 rationabiliter
839 3610 961 3686 dubito;
987 3609 1017 3672 &
1042 3611 1134 3672 etiam
1156 3611 1244 3673 multi
1268 3612 1317 3694 alij
1346 3614 1384 3674 de
1407 3613 1529 3674 veritate

497 3700 587 3762 buius
602 3699 672 3761 sassi
688 3720 751 3760 non
768 3699 922 3761 immerito
938 3699 1130 3761 altercantur.
1150 3727 1161 3754 ι

568 3834 648 3900 [Guil.
662 3834 694 3885 de
708 3833 847 3898 Baldensel,
860 3833 1034 3902 Hodoeporicon
1046 3836 1083 3885 ad
1096 3835 1203 3886 ‘serram
1216 3836 1339 3902 Sassiam,
1348 3852 1369 3888 c.
1381 3837 1407 3887 X
1417 3835 1474 3906 (ap.
1484 3837 1529 3888 ca·

497 3914 578 3979 nisius,
587 3913 728 3980 ‘Thesaurus
739 3925 939 3966 monumentorum
949 3911 1161 3981 ecclesiasticorum,
1166 3915 1205 3966 ed.
1212 3915 1335 3984 Basnage,
1341 3927 1358 3966 t.
1366 3917 1412 3978 lV,
1419 3935 1443 3984 p.
1453 3935 1464 3982 3
1470 3915 1529 3984 56).]

399 4065 754 4158 [thVOTl‘TlA
787 4063 1169 4155 ANTIOCHIAE
1198 4066 1282 4156 AC
1325 4066 1529 4158 HIERO-

498 4199 527 4289 S
532 4199 774 4292 OLYMAE
792 4197 870 4288 ΡΑ
879 4197 1330 4290 TRIARCA‘TUUM.
1347 4227 1404 4298 uro

570 4352 655 4419 [Edita
669 4352 755 4421 supra,
766 4365 782 4402 t.
796 4352 818 4414 1,
831 4367 872 4419 pp.
889 4353 1024 4417 329·345·l
