3296 5700
302 549 589 605 noomrorucou
615 552 641 603 s.
661 549 909 602 wumnntor.
1051 545 1117 628 253

74 775 170 847 timis
193 772 357 846 flustuum
383 771 613 845 formidinibus
635 769 873 870 periculofique
899 770 1008 868 pelagi
1034 771 1121 867 pres-

76 883 173 973 suris,
203 883 332 956 vastum
352 907 410 977 per
428 905 534 976 equor
558 882 659 952 citato
683 879 802 950 celocis
830 878 933 969 cursu,
958 879 1121 974 prosperis

76 990 204 1079 ventis,
214 988 322 1062 relata
333 1013 426 1079 nave,
439 989 500 1059 tuti
516 986 641 1059 aridam
657 987 809 1060 viderunt
821 1011 949 1058 terram.
967 986 1002 1056 Et
1014 983 1123 1057 statim

79 1119 228 1167 ovantes
250 1093 293 1166 de
307 1097 384 1168 navi
405 1092 652 1182 descenderunt,
664 1111 679 1140 ⁴¹
697 1098 733 1166 ἀ
758 1093 825 1164 illic
853 1093 1124 1165 castraverunt&

79 1201 232 1272 tentoria
255 1200 392 1272 fixerunt
419 1202 454 1272 in
483 1202 554 1296 ripa
583 1198 736 1290 fluminis
767 1198 892 1296 quods
917 1221 1125 1294 nuncupamr

79 1311 221 1402 Sigana,
242 1309 331 1379 iuxta
347 1303 472 1398 urbem,
490 1332 554 1403 que
570 1331 707 1379 vocatur
725 1311 877 1404 Rorum;‘
900 1304 946 1380 ibi
966 1306 1025 1376 suit
1041 1327 1125 1374 mer-

82 1412 317 1485 timonium.s

131 1519 169 1591 lit
194 1519 264 1592 illic
283 1519 457 1616 aliquantis
473 1519 600 1592 dierum
620 1520 785 1592 curriculis
801 1521 1048 1617 requiescentes,
1066 1521 1124 1590 ite-

85 1651 160 1697 rum
178 1651 319 1724 pergere
336 1651 502 1724 ceperunt,
524 1630 560 1698 ἃ
570 1627 671 1699 multa
687 1627 753 1698 illic
769 1628 956 1699 sanderum
970 1627 1124 1718 oratoria,

86 1759 152 1829 que
170 1733 236 1804 illis
255 1735 290 1802 in
307 1731 526 1804 commodum
541 1733 678 1823 suerunt,
697 1731 826 1804 orando
844 1734 1014 1828 petierunt.
1034 1731 1069 1801 lt
1081 1728 1125 1802 src

86 1842 202 1911 inante
217 1843 435 1910 Germanicum
453 1838 616 1936 gradatim
634 1863 672 1909 ex
685 1863 776 1936 parte
789 1862 999 1936 peragrantes
1016 1838 1125 1934 super·

86 1969 261 2016 venerumt.
279 1945 435 2040 Cumque
453 1961 645 2042 pergentes‘
661 1942 846 2016 venilsents
857 1943 901 2015 ad
918 1941 1045 2033 urbem,
1060 1969 1125 2039 que

89 2056 330 2140 vocaturum,
348 2050 559 2123 Willibaldus
576 2054 612 2121 ἀ
623 2050 853 2123 Wunebaldus
865 2075 993 2148 patrem
1010 2073 1126 2122 eorum

90 2158 125 2230 iu
138 2159 302 2229 comitatu
314 2158 436 2228 itineris
448 2159 568 2253 pariter
580 2183 658 2228 cum
673 2157 732 2228 illis
750 2155 921 2230 ducebant.
945 2157 1126 2251 Statimque

91 2263 136 2335 ibi
153 2261 327 2337 subitanea
342 2287 515 2360 preventus
534 2263 579 2334 est
591 2266 737 2359 corporis
755 2263 954 2354 infirmitate,
971 2279 1125 2359 ut,1pre·

93 2372 192 2444 teritis
225 2395 415 2466 tempomm
436 2367 744 2465 intercapedinibus,
777 2394 884 2466 prope
910 2371 977 2440 iam
998 2369 1127 2440 instaret

95 2479 198 2548 exitus
211 2477 260 2548 sui
276 2475 354 2548 dies.
373 2477 408 2546 fir
419 2476 635 2550 invalescente
651 2477 739 2547 ineo
754 2474 944 2573 egritudinis
956 2476 1125 2574 gravitate,

98 2691 251 2762 ultimum
267 2691 333 2762 vite
358 2689 413 2762 sue
430 2688 591 2760 exhalarit
608 2689 763 2791 spiritum.
789 2691 971 2786 Statimque
991 2688 1036 2759 illi
1054 2713 1126 2786 ger-

96 2798 185 2868 mani
196 2796 255 2885 filij
272 2797 352 2885 eius,
369 2819 489 2892 corpus
504 2797 603 2892 patris
616 2821 732 2868 eorum
745 2798 894 2867 exanime
907 2820 1042 2893 paterne
1058 2795 1125 2893 pie·

96 2904 165 2973 tatis
186 2901 307 2974 affeetu
330 2904 555 2999 percipientes,
581 2902 712 2974 venuste
736 2902 967 2975 involverunt*
986 2905 1022 2973 dt
1044 2927 1126 2973 terra

97 3009 336 3081 mmulaverunt
347 3011 382 3080 iu
400 3007 479 3081 urbe
491 3009 577 3080 luca
593 3008 637 3080 ad
648 3007 1064 3106 sanetumrrigidianum.¹'
1082 3008 1127 3080 lbi

96 3118 264 3212 requiescit
285 3140 406 3212 corpus
429 3119 527 3213 patris
551 3141 676 3188 eorum
703 3115 954 3212 Confestimque
971 3117 1026 3207 illi,
1053 3141 1126 3212 per·

97 3245 209 3318 gentes
222 3222 471 3320 usquedumper
481 3223 584 3295 vallas
595 3223 680 3294 ltalie
690 3223 828 3313 tellures,
857 3223 1051 3318 perniciter*
1067 3248 1125 3320 per

97 3352 242 3402 concava
258 3330 402 3422 vallium,
420 3355 479 3425 per
495 3326 634 3426 abrupta
646 3332 825 3420 montium,
842 3355 902 3426 per
917 3328 1017 3426 plana
1035 3353 1125 3400 cam·

98 3437 257 3531 pestrium,
285 3437 328 3509 ad
346 3435 461 3508 arduas
478 3440 611 3531 oslpt'um
633 3461 722 3507 arces
739 3435 920 3533 pedestrem
937 3434 1126 3508 scandendo

98 3541 238 3638 gressum
253 3541 440 3642 dirigebant
460 3545 494 3614 in
512 3544 624 3614 altum.
653 3543 818 3639 Cumque,
839 3542 974 3615 lustratis
992 3543 1129 3640 Alpium

99 3647 317 3722 cacuminibus
335 3651 531 3748 glacialique
549 3651 674 3721 nivium
688 3646 845 3721 nebulosa
858 3646 1032 3741 turbidine,
1050 3649 1127 3720 almi

102 3755 161 3826 Dei
177 3756 379 3828 adminiculo
400 3758 654 3853 sanctorumque
675 3755 902 3843 sustentaculo,
929 3780 1007 3826 cum
1027 3781 1127 3827 cunc·

101 3863 226 3934 torum!
246 3862 481 3936 contribulium
505 3864 655 3935 clientela
684 3863 901 3958 omniumque
923 3861 1127 3962 collegarum

134 4094 155 4128 a
169 4081 197 4132 C.
210 4079 381 4132 ascenderunt.
398 4107 429 4118 -
444 4080 468 4130 b.
483 4080 509 4131 C.
524 4095 580 4146 que.
643 4088 681 4130 tes
694 4077 833 4130 voluerunt.
847 4108 884 4117 -
897 4078 913 4130 i.
923 4080 949 4129 C.
965 4075 1126 4130 Priscianum.

103 4183 135 4195 -
148 4175 170 4211 c.
182 4162 210 4212 C.
222 4170 314 4212 totum.
327 4189 361 4200 -
376 4159 400 4210 d.
413 4161 441 4212 C.
451 4157 584 4210 mercimo—
644 4187 679 4198 -
687 4160 707 4226 j.
720 4162 747 4210 C.
762 4159 854 4210 vastam
892 4157 1012 4210 tellurem.
1026 4157 1090 4210 -k
1099 4159 1127 4213 C.

103 4233 147 4288 uia
161 4265 190 4275 -
202 4255 223 4291 e
240 4239 267 4292 C.
278 4249 416 4307 pergerent.
430 4239 491 4290 -s.
504 4239 531 4290 C.
541 4253 585 4288 re-
645 4238 761 4308 pertinet.
773 4264 809 4278 -
820 4237 836 4292 l.
850 4237 990 4296 acmen.

105 4329 195 4374 uerunt.
206 4347 241 4359 -
251 4335 277 4393 g.
286 4319 313 4374 C.
323 4319 355 4371 ἀ.
365 4345 398 4358 -
408 4317 435 4373 h.
447 4317 473 4374 C.
483 4316 584 4374 venien·
