3354 5706
536 475 608 550 206
954 489 1149 546 incussos

532 714 557 766 δι
574 712 693 766 universa
708 729 764 782 que
783 711 877 764 habuit
893 709 994 764 divertis
1013 709 1112 762 casibus
1132 710 1242 780 perdita,
1262 709 1296 762 ad
1316 708 1447 762 nichilum
1460 707 1560 760 reda&

531 794 600 848 sunt.
612 792 692 847 Alter
703 809 765 846 vero
786 790 855 846 filius
867 793 960 844 beatus
972 789 1021 860 qui
1038 788 1172 846 sudarium
1185 788 1298 844 Domini
1313 787 1422 860 pretulit
1435 787 1559 841 omnibus

531 870 711 944 patrimoniis,
730 889 763 924 ea
781 889 835 942 qua
854 869 897 924 die
914 870 982 924 illud
997 870 1030 924 de
1049 867 1192 924 venditoris
1211 867 1333 938 germani
1352 885 1435 924 manu
1446 867 1558 938 accepit,

531 951 640 1006 terrenis
663 951 769 1022 opibus,
789 951 850 1004 Deo
870 950 997 1015 donante,
1010 949 1045 1003 eli
1066 949 1174 1015 ditatus,
1195 966 1245 1002 nec
1265 961 1354 1002 nmen
1373 948 1511 1002 fraudatus
1526 945 1560 1000 ed

532 1030 676 1086 celestibus.
696 1033 739 1084 lta
758 1033 810 1084 hoo
823 1029 1001 1084 Dominicum
1024 1029 1159 1084 sudarium
1187 1028 1345 1084 hereditario
1363 1029 1422 1081 iure
1442 1027 1562 1081 fidelibus

532 1113 665 1182 usquead
683 1111 806 1183 quintam
825 1110 1050 1164 commendabant
1062 1109 1275 1180 generationem.
1294 1109 1345 1163 Sed
1364 1108 1423 1180 poll
1443 1107 1563 1178 quintam

532 1192 741 1262 generationem,
755 1190 845 1246 multis
857 1190 1017 1262 processibus
1031 1189 1172 1256 transaffis,
1184 1189 1300 1244 eiusdem
1318 1186 1492 1257 cognationis
1502 1186 1565 1242 defi·

532 1271 663 1326 cientibus
684 1272 833 1338 heredibus,
852 1271 954 1324 sacrum
978 1269 1139 1324 linteamin
1164 1287 1259 1324 manus
1283 1267 1434 1322 infidelium
1463 1267 1567 1320 devenit

531 1353 685 1406 Iudeorum.
695 1353 732 1404 Et
741 1351 863 1422 quamvis
871 1349 974 1420 indigni
987 1350 1035 1402 tali
1048 1367 1168 1416 munere,
1179 1348 1294 1420 amplexi
1304 1349 1366 1402 sunt
1374 1359 1469 1400 umen
1482 1348 1567 1400 hono-

532 1433 582 1486 fice
594 1434 629 1498 δι,
642 1431 758 1486 donante
771 1431 841 1497 Deo,
853 1431 929 1484 valde
941 1430 1035 1484 divites
1049 1429 1110 1484 fasti
1127 1431 1194 1484 sunt.
1208 1429 1285 1483 Iudei
1305 1445 1368 1482 vero
1380 1427 1432 1499 qui
1448 1426 1567 1481 credide·

531 1524 591 1568 rant
602 1511 630 1566 in
642 1510 771 1576 Domino,
789 1513 842 1564 hoc
858 1523 930 1564 certa
948 1510 1049 1564 ratione
1062 1511 1263 1580 cognoscentes,
1280 1521 1410 1579 ceperunt
1426 1525 1493 1560 eum
1509 1505 1568 1560 inti-

531 1593 635 1648 delibus
648 1590 736 1646 Iudeis
747 1592 780 1645 de
793 1591 897 1645 sudario
908 1589 1022 1644 Domini
1035 1591 1195 1645 contendere
1209 1589 1322 1654 sortiter,
1338 1587 1456 1658 totisque
1472 1586 1569 1640 vin'bos

531 1674 600 1728 illud
614 1683 768 1742 appetentes
785 1671 814 1724 in
832 1687 928 1724 manus
940 1670 1070 1739 accipere.
1085 1673 1146 1732 Que
1160 1667 1303 1724 contencio
1318 1665 1571 1722 Hierosolimitauoa

532 1750 639 1804 induas
651 1750 734 1806 divifit
746 1761 842 1820 partes,
855 1750 945 1803 fideles
958 1751 982 1802 st
1001 1748 1160 1802 incredulos.
1180 1749 1233 1801 Pro
1247 1765 1302 1817 qua
1313 1764 1350 1812 re,
1362 1749 1571 1800 Sarracenorum

533 1848 623 1902 regem
637 1831 684 1901 qui
704 1833 849 1886 vocabatur
865 1829 986 1884 Nauuiaa
1002 1829 1092 1884 fideles
1105 1830 1130 1882 δι
1142 1827 1273 1882 increduli
1285 1826 1503 1898 interpellabant.
1515 1827 1569 1888 Qui

533 1928 686 1966 convocans
697 1911 803 1977 Iudam,
815 1910 882 1964 dixit
895 1911 928 1964 ad
940 1909 1016 1963 illos:
1029 1911 1138 1963 Sacrum
1153 1909 1227 1980 quod
1242 1906 1344 1960 habetis
1357 1906 1500 1960 sudarium
1510 1908 1570 1960 date

533 1989 561 2043 in
575 2008 656 2044 manu
669 2009 737 2044 mea.
751 1990 806 2052 Qui
815 1991 884 2060 regis
893 1990 974 2044 verbo'
984 1991 1207 2061 obtemperantes,
1219 1987 1303 2041 statim
1317 1986 1487 2052 detulerunt,
1499 1987 1571 2056 quod

534 2087 579 2124 rex
590 2088 653 2124 cum
663 2088 762 2139 magna
771 2069 915 2124 reverentia
924 2069 1076 2139 suscipiens,
1091 2086 1182 2122 coram
1196 2068 1271 2122 omni
1284 2066 1388 2138 populo
1400 2083 1502 2136 rogum
1515 2065 1569 2118 fleri

534 2147 610 2203 iussit.
632 2151 715 2204 Tunc
735 2152 843 2220 surgens
865 2150 983 2221 prefatus
1006 2167 1050 2202 rex
1073 2149 1098 2202 tr
1120 2149 1249 2202 accedens
1269 2147 1302 2200 ad
1316 2146 1403 2216 ipsum
1415 2145 1569 2215 rog-om,ad

534 2229 655 2299 utrasque
669 2243 755 2300 partes
771 2230 839 2284 dixit
850 2229 999 2284 discordent
1014 2228 1147 2283 Christum
1162 2245 1241 2298 quem
1255 2226 1353 2292 dicitis,
1370 2224 1420 2296 qui
1433 2224 1523 2295 passus
1536 2223 1569 2278 ed

534 2326 582 2379 pro
596 2310 717 2364 humano
733 2327 839 2380 genere,
850 2311 902 2363 hoc
915 2309 1047 2363 sudarium
1061 2307 1135 2378 quod
1146 2308 1223 2378 super
1239 2319 1321 2378 caput
1332 2307 1357 2358 ἃ
1379 2323 1480 2376 corpus
1492 2306 1566 2358 suum

534 2389 629 2442 habuit
640 2390 707 2444 inter
719 2407 766 2444 voa
777 2390 968 2444 contendentes
980 2405 1026 2459 per
1040 2388 1177 2442 flammam
1191 2386 1291 2440 iudicet
1307 2385 1386 2456 ignis,
1408 2397 1438 2440 ut
1453 2385 1568 2438 sciamus

534 2468 579 2522 cui
599 2469 632 2522 de
651 2471 726 2524 vobis
745 2470 797 2524 tale
813 2470 913 2524 donum
938 2469 1090 2522 condonare
1115 2466 1250 2537 dignatur.
1271 2468 1331 2520 Hec
1349 2465 1454 2532 dicens,
1465 2465 1567 2520 sacrum

534 2549 650 2604 Domini
667 2549 800 2604 sudarium
822 2548 933 2620 proiecit
954 2548 982 2601 in
1000 2548 1137 2615 flammas,
1156 2546 1230 2618 quod
1244 2547 1319 2600 nullo
1333 2546 1416 2600 modo
1429 2545 1501 2615 ignis
1513 2561 1568 2602 taa-

537 2645 600 2696 gere
612 2629 709 2699 potuit,
729 2631 771 2684 sed
784 2629 912 2684 intatlum
925 2629 957 2680 de
971 2645 1038 2696 rogo
1053 2628 1160 2696 surgens
1177 2627 1205 2680 in
1219 2626 1329 2679 sublime
1349 2626 1485 2680 sublatum
1500 2627 1569 2682 eil&

538 2708 610 2777 quali
624 2709 690 2762 inter
708 2710 776 2764 duos
797 2711 830 2764 de
844 2707 954 2762 summis
973 2706 1144 2779 prospiciens,
1157 2709 1217 2761 Deo
1231 2707 1406 2776 gubernante,
1420 2706 1455 2759 ad
1469 2720 1568 2778 partem

539 2789 749 2844 Christianorum
762 2789 898 2844 declinans
911 2787 1035 2857 pervenit.
1050 2787 1105 2848 Qui
1119 2787 1180 2841 Deo
1193 2786 1300 2856 gratias,
1313 2785 1421 2840 elevatis
1433 2787 1468 2840 ad
1482 2787 1569 2840 celum

536 2869 670 2937 manibus,
690 2881 799 2940 agentes
820 2871 845 2922 δι
872 2867 1008 2922 humiliter
1030 2865 1197 2932 inclinantes,
1219 2866 1351 2921 sudarium
1367 2866 1484 2919 Domini
1507 2884 1569 2920 cum

538 2966 637 3018 magna
656 2949 860 3004 honorificentia
880 2947 1033 3019 suscipiunt,
1053 2947 1228 3018 cadentesque
1245 2946 1336 3001 laudes
1349 2949 1411 3000 Deo
1433 2947 1571 3002 lherosoli-

538 3047 608 3082 mam
629 3029 752 3083 deferunt
770 3029 795 3084 δι
813 3029 841 3084 in
863 3027 958 3082 scrinio
977 3027 1083 3082 ecclesie
1106 3027 1262 3081 recondunt
1284 3027 1367 3088 Quod
1388 3025 1474 3080 noller
1491 3026 1569 3080 frater

536 3109 669 3163 Asculfus
688 3109 754 3163 vidit
773 3110 798 3162 δι
819 3109 953 3164 osculatus
970 3108 1013 3174 eli,
1032 3109 1180 3162 mensuram
1195 3108 1296 3160 babens
1308 3106 1487 3177 longitudinis
1499 3107 1567 3177 quas

536 3189 597 3242 otio
608 3189 711 3259 pedem
723 3192 783 3244 llec
794 3189 828 3243 de
841 3187 1019 3244 iherosolimis
1032 3187 1151 3258 scripsisse
1159 3186 1277 3242 sufficiat
1292 3187 1371 3242 Nunc
1383 3188 1416 3241 de
1430 3186 1567 3240 Bethleem

572 3395 597 3428 a.
611 3376 669 3440 Hec,
681 3375 829 3444 iamargine
835 3375 932 3438 codicis,
943 3391 1016 3426 marm
1082 3373 1133 3426 llic
1149 3389 1206 3426 curu
1223 3371 1284 3426 esset
1297 3373 1323 3425 in
1341 3371 1435 3425 finibus
1446 3373 1568 3442 Petrago

536 3457 646 3525 praedam
653 3453 703 3522 sec.
717 3472 750 3507 xv
762 3465 875 3508 exarata
888 3455 1019 3522 segantara
1080 3452 1196 3517 rentium,
1218 3453 1286 3504 unde
1302 3465 1356 3504 erar
1379 3465 1461 3516 nattis,
1490 3451 1570 3522 postia

540 3535 657 3586 ‹Poliea
680 3551 740 3588 vero
761 3534 930 3603 abepiscopo
953 3533 1019 3585 Ani·
1082 3531 1247 3585 Dominicum
1264 3531 1389 3584 sudarium
1411 3531 1436 3584 in
1460 3533 1569 3601 quadan

538 3613 619 3678 ciensr,
632 3611 675 3681 qui
690 3613 715 3664 in
729 3613 842 3682 partibus
853 3611 1020 3665 ultramarinis
1082 3611 1183 3666 ecclesia
1197 3611 1240 3664 fibi
1253 3611 1440 3676 commendata,
1453 3629 1504 3681 que
1515 3625 1567 3664 erat

538 3690 757 3757 transfretaverat,
781 3693 816 3745 est
835 3692 950 3744 habitum
962 3709 968 3758 3
995 3696 1019 3748 st
1084 3709 1160 3762 prope
1166 3691 1366 3744 Caduinumfita
1376 3693 1479 3744 Aenon
1489 3693 1568 3744 multo

538 3772 597 3825 illuc
605 3771 656 3841 ipse
665 3772 772 3824 moriens
780 3771 881 3825 cuidant
890 3771 933 3826 suo
943 3771 1021 3824 sacer·
1084 3771 1138 3841 post
1145 3772 1255 3842 quadam
1261 3771 1302 3824 die
1313 3769 1445 3824 recesserat
1450 3773 1484 3824 ab
1492 3771 1570 3824 eccle-

538 3853 593 3905 doti
606 3851 716 3906 tradidit.
734 3852 823 3905 Diuus
835 3851 949 3905 sacerdos
964 3868 1022 3904 cunr
1085 3851 1131 3916 tia,
1142 3854 1166 3904 tr
1179 3851 1243 3921 ignis
1257 3851 1374 3905 accensus
1386 3851 1421 3904 eli
1433 3851 1457 3903 in
1470 3851 1567 3904 ιίΙΙιιΙιι

539 3931 600 3986 esset
621 3933 694 4001 supra
721 3949 790 3984 mare
812 3931 922 3997 veniens,
947 3931 1022 3984 etiam
1085 3931 1205 4000 smulque
1221 3931 1246 3983 in
1264 3931 1388 4001 sepedidia
1404 3930 1521 3995 ecclelia,
1543 3933 1566 3984 it

540 4024 653 4067 mortuus
668 4012 716 4078 est,
732 4011 871 4082 relinquens
887 4011 1024 4081 preciosum
1087 4011 1219 4065 combuffit
1238 4009 1359 4081 quicquid
1380 4010 1493 4076 invenit,
1514 4011 1572 4064 scri-

541 4111 633 4147 munus
641 4093 742 4146 cuidam
750 4093 841 4147 clerico
849 4091 962 4146 servienti
972 4093 1025 4144 suo.
1088 4091 1571 4162 niumveroquoderatpropealtarciu

576 4267 636 4318 tad.
649 4267 757 4334 proxima.
