3434 5704
494 584 521 659 4
944 561 1065 662 40·46

496 795 609 862 Galliis
640 812 781 860 matrona
808 798 949 882 quaedam
973 797 1176 888 Hierosolymis
1198 799 1325 879 abierat,
1347 820 1404 882 pro
1430 797 1527 861 devo-

495 886 579 948 tione
607 882 734 965 tantum,
757 902 792 949 ut
816 885 949 950 Domini
973 887 1003 950 ἃ
1032 885 1195 952 Salvatoris
1217 887 1311 952 nostri
1335 888 1526 971 praesentiam

495 989 673 1037 mereretur.
685 974 816 1038 Audivit
828 990 930 1038 autem
944 976 1028 1060 quod
1043 975 1149 1041 beatus
1160 973 1292 1040 Ioannes
1303 976 1527 1040 decollaretur:

494 1062 579 1124 cursu
594 1061 667 1124 illuc
681 1063 787 1146 rapido
809 1064 917 1143 tendit,
934 1064 1069 1149 datisque
1088 1065 1264 1128 muneribus
1285 1064 1436 1148 supplicat
1457 1084 1526 1148 per·

494 1147 616 1231 cuslori,
636 1167 670 1214 ut
688 1172 756 1213 eam
777 1150 953 1236 sanguinem
973 1153 1159 1216 defluentem
1173 1153 1319 1237 colligere
1335 1156 1528 1236 permitteret

494 1262 557 1303 non
572 1241 678 1303 arceri.
693 1237 752 1303 Illo
768 1257 870 1303 autem
882 1243 1082 1323 percutiente,
1096 1258 1235 1306 matrona
1249 1243 1403 1305 concham
1417 1263 1526 1326 argen-

494 1346 575 1392 team
590 1345 748 1412 praeparat,
759 1343 962 1414 truncatoque
978 1332 1117 1413 martyris
1131 1333 1244 1414 capite,
1255 1353 1400 1394 cruorem
1415 1333 1529 1394 devota

494 1417 634 1500 suscepit:
650 1440 743 1502 quern
758 1417 921 1502 diligenter
936 1419 966 1482 in
978 1419 1114 1502 ampulla
1125 1415 1256 1502 posttum
1269 1420 1398 1502 patriam
1409 1419 1530 1500 detulit,

494 1507 615 1590 &apud
632 1506 825 1570 Vasatensem
843 1508 960 1587 urbem,
971 1507 1120 1572 edificata
1135 1508 1164 1571 in
1179 1511 1245 1572 eius
1259 1509 1381 1572 honore
1395 1508 1530 1586 ecclesia,

494 1597 526 1659 in
541 1595 643 1659 sanilo
658 1596 742 1658 altari
758 1594 935 1660 collocavit.
952 1621 965 1654 ›

566 1702 716 1772 [Gregorius
725 1701 1024 1772 Turonenfis‚1>egtm'a
1032 1714 1209 1772 mammam.
1222 1723 1263 1771 ra,
1273 1704 1313 1758 ed.
1322 1705 1438 1770 Guadet,
1450 1707 1474 1772 1,
1483 1707 1533 1772 38.]

371 1857 399 1904 c.
416 1853 476 1930 4⁰·
496 1823 527 1854 ⁸⁶
541 1825 713 1923 QJILIUS,
734 1851 788 1895 rere
804 1827 1049 1919 liritosortonum,
1067 1831 1119 1917 qui
1135 1829 1365 1921 Rorigenrum
1384 1827 1532 1898 codicia-

494 1935 607 2027 censem
626 1935 777 2025 reliquias
794 1961 810 2002 e
826 1934 922 2004 Terra
938 1935 1051 2002 Sanllo
1068 1934 1202 2025 ottuliffe
1211 1937 1381 2027 ferebatur.
1406 1949 1448 2020 (3)

536 2083 549 2116 ‹
573 2055 695 2120 Exinde
716 2056 926 2138 progrediens,
945 2055 1012 2140 post
1035 2058 1155 2120 emensa
1177 2056 1231 2120 soli
1257 2057 1406 2141 marisque
1428 2056 1531 2140 spatia,

495 2147 617 2210 tandem
636 2145 896 2234 Hierosolymitanis
911 2144 968 2208 sese
983 2146 1136 2210 moenibus
1151 2145 1293 2210 intulit...
1308 2172 1321 2204 ι

566 2245 716 2315 [Guibertut
728 2245 760 2298 de
775 2245 932 2316 Novigento,
949 2249 988 2300 De
1001 2247 1061 2301 vita
1072 2248 1134 2316 sua,
1148 2248 1162 2300 Ι.
1175 2249 1211 2314 11,
1223 2265 1245 2301 c
1266 2267 1276 2299 1
1302 2247 1417 2318 (Migne‚
1437 2244 1529 2300 Patres.

494 2327 549 2393 lah,
564 2328 655 2392 CLVI,
669 2343 692 2379 c.
709 2328 791 2394 895).]

420 2471 479 2553 43.
494 2452 639 2541 COTYS,
656 2479 708 2523 rex
717 2457 872 2523 osrmenia
884 2458 1022 2544 minoris,
1036 2451 1243 2540 &POLEMQ
1257 2479 1311 2522 rert
1324 2456 1429 2524 Ponti.
1436 2467 1481 2536 (4)

566 2567 705 2637 [losephuu
716 2565 811 2637 Amiq,
823 2567 839 2620 l.
853 2569 929 2635 XIX,
941 2585 964 2620 c.
978 2572 1003 2633 8,
1016 2566 1055 2620 ed.
1069 2565 1189 2641 Dindort
1200 2567 1222 2634 I,
1237 2568 1309 2634 764.]

311 2715 315 2724 ·
414 2703 476 2782 44.
494 2683 509 2712 ”
521 2683 696 2772 HELENA,
712 2685 943 2754 osdiobenorum
963 2687 1084 2778 regino.
1096 2691 1151 2762 (5)

535 2803 683 2867 «Eodem
700 2825 780 2866 anno
797 2804 916 2887 imperij
937 2803 1013 2882 eius,
1032 2802 1126 2865 sames
1145 2801 1315 2885 gravissima
1336 2822 1390 2883 per
1411 2801 1528 2884 Syriam

491 2895 570 2959 salla
583 2894 635 2972 est,
646 2915 738 2977 quam
753 2893 845 2956 etiam
860 2893 1020 2975 prophetae
1035 2892 1329 2974 praenuntiaverant3
1351 2890 1401 2954 sed
1424 2889 1527 2955 Chris-

491 2986 646 3048 tianorum
681 2981 902 3045 necessitatibus
930 2982 1010 3064 apud
1042 2979 1280 3068 Hierosolymam,
1304 2979 1463 3043 convellis
1490 2979 1527 3043 ab

490 3073 603 3156 AEgypto
625 3071 800 3149 frumentis,
819 3069 951 3149 Helena,
965 3068 1171 3132 Adiabenorum
1186 3070 1305 3152 regina,
1325 3067 1472 3132 conversa
1490 3069 1525 3131 ad

440 3229 444 3236 ,
490 3162 583 3226 fidem
598 3159 723 3240 Christi,
734 3159 893 3242 largiffime
908 3157 1137 3222 ministravit....
1155 3181 1168 3215 ι

560 3268 665 3336 [Paulus
679 3267 789 3334 0rofim,
802 3266 921 3336 fflfloriae,
934 3266 950 3320 l.
965 3267 1021 3332 Vll,
1031 3284 1055 3320 c.
1075 3271 1090 3319 6
1112 3265 1230 3336 (Migne,
1246 3265 1337 3320 Patrol.
1353 3265 1412 3333 lat,
1429 3265 1528 3328 xm

489 3365 511 3405 c.
529 3349 617 3418 1075).
630 3347 670 3404 Cf.
684 3348 702 3402 s.
717 3349 898 3418 Hieronymus,
910 3349 1010 3416 ngr.
1026 3345 1120 3412 Paule,
1131 3346 1213 3417 supra,
1228 3359 1250 3400 t.
1265 3349 1287 3415 1,
1300 3365 1324 3418 p.
1340 3349 1392 3414 32.]

561 3437 618 3507 (Cf.
629 3437 755 3508 Iosephus,
773 3441 829 3491 Ant.
842 3439 910 3502 lud,
921 3436 937 3490 l.
948 3439 1009 3500 XX,
1026 3453 1050 3489 c.
1062 3456 1123 3502 2-45
1137 3434 1196 3488 Bell.
1205 3437 1269 3504 luel,
1282 3437 1298 3489 Ι.
1311 3437 1345 3502 V,
1358 3453 1382 3489 c.
1400 3457 1426 3501 a,
1442 3453 1468 3501 3,
1479 3439 1526 3502 4⁶³

489 3518 506 3570 l.
524 3521 570 3584 Vl,
590 3535 612 3571 c.
631 3524 658 3586 6,
679 3517 854 3584 ed.Dindors,
870 3519 893 3582 1,
914 3520 1039 3583 769-776,
1058 3517 1093 3582 11,
1111 3531 1173 3582 232,
1191 3531 1253 3582 237,
1282 3533 1342 3584 239,
1369 3519 1431 3582 246,
1458 3519 1525 3582 πρός

492 3597 615 3652 Eusebius
634 3599 737 3662 Cesar,
757 3596 1004 3667 fflst.ecc1mayr.,t.
1024 3597 1057 3665 11,
1079 3613 1101 3649 c.
1118 3613 1148 3650 η
1172 3595 1286 3666 migne,
1306 3597 1378 3650 Patr.
1392 3613 1448 3665 gr,
1469 3597 1528 3662 XX,

499 3695 523 3733 c.
540 3680 611 3748 1651,
622 3681 646 3732 δι
659 3678 861 3748 Itineragraeca,
876 3678 914 3743 Ι.)

360 3799 756 3900 44·46.'Aromou1us
772 3801 996 3873 timenus.
1008 3815 1061 3882 (⁶)

534 3939 546 3972 r
559 3913 744 3997 Apollonius
759 3915 884 3976 intravit
899 3911 1062 4001 Persam...
1073 3912 1104 3977 δι
1115 3913 1256 3995 pervenit
1265 3911 1303 3975 ad
1315 3911 1522 3976 Brachmanas

561 4004 633 4066 inde
648 4025 702 4088 per
715 4003 864 4082 Elamitas,
878 4001 1052 4086 Babylonios,
1072 4001 1228 4081 Chaldaeos,
1245 4001 1360 4081 Medos,
1384 4005 1414 4064 A
1408 3999 1523 4084 ffyrirs,

492 4091 623 4193 Parthos,
637 4093 725 4174 Syros,
741 4093 893 4172 Plroenices,
913 4087 1029 4171 Arabes,
1050 4090 1220 4175 Palqllinos,
1241 4089 1375 4155 reversus
1398 4087 1521 4153 :sserer-

492 4183 793 4435 dmffillielohymm,
804 4281 874 4356 Epist
891 4281 954 4336 llll
961 4283 999 4335 ad
1011 4279 1140 4334 Pault'rtum
1153 4279 1266 4352 (Migne
1279 4279 1352 4334 Patr.
1370 4279 1425 4346 lat,
1440 4277 1524 4346 ml,

492 4380 515 4417 e
525 4379 573 4434 54¹
592 4400 599 4414 .
