3354 5706
447 534 498 586 on
522 535 626 589 noers
650 533 817 588 snuc'rre
911 585 919 602 ,
1078 529 1144 609 157

99 756 136 825 in
166 755 273 827 estivo
299 753 431 826 solstitio
456 753 641 827 meridiano
666 779 827 851 tempore,
848 753 893 826 ad
914 779 1062 826 centrum
1083 755 1145 828 celi

100 863 174 934 sole
192 863 417 960 perveniente,
435 861 587 934 umbram
600 887 669 933 non
682 862 774 953 facit,
790 861 925 933 solstitio
939 864 1029 934 enim
1042 863 1143 933 trans-

100 967 219 1060 nriffo,
245 967 338 1065 quod
362 970 406 1040 est
422 970 510 1040 Vlll⁶
531 969 593 1040 kal.
611 969 690 1060 iulij,
708 971 805 1040 ternis
825 965 938 1039 diebus
959 969 1144 1060 interiectis,

101 1075 270 1171 paulatim
283 1074 490 1146 decrescente
504 1075 568 1166 die,
586 1073 738 1146 umbram
750 1077 896 1173 primum
909 1074 987 1146 facit
1000 1072 1143 1164 brevem,

100 1179 232 1252 deinde
248 1179 400 1279 processu
419 1180 548 1253 dierum
560 1182 759 1280 longiorem.
775 1185 885 1277 ltaque
898 1181 959 1252 hec
976 1180 1143 1272 columna,

102 1313 212 1384 quarn
238 1289 313 1360 solis
340 1289 466 1360 claritas
491 1291 526 1360 in
552 1291 652 1362 estivo
683 1288 817 1359 solstitio
843 1285 1030 1358 meridianis
1055 1287 1144 1358 boris

101 1395 220 1468 stantis
237 1397 272 1466 in
288 1420 403 1467 centro
419 1395 512 1486 celi,⁶
533 1423 551 1467 e
568 1397 705 1493 regione
723 1393 860 1490 desuper
878 1395 1143 1492 circumfulgens,

101 1528 142 1574 ex
175 1504 275 1574 omni
308 1527 401 1599 parte
434 1501 628 1573 circumfusa
663 1501 842 1598 perlustrat,
877 1500 1143 1592 Hierosolymam

103 1607 246 1680 urbem‘
263 1612 296 1680 in
318 1613 417 1680 medio
443 1637 521 1680 terre
547 1607 638 1680 srtarn
660 1606 725 1680 esse
748 1609 950 1704 protestatur.
983 1605 1081 1682 Unde
1108 1611 1143 1678 δι

102 1714 380 1814 Psalmographus
403 1741 541 1813 propter
559 1717 668 1786 sandla
685 1715 836 1814 pallionis
853 1717 888 1786 ἃ
903 1716 1142 1788 resurredlionis

103 1824 191 1916 loca,
229 1848 295 1919 que
320 1825 405 1894 intra
436 1824 541 1920 ipsam
574 1823 671 1894 eliam
705 1824 927 1912 continentur,
960 1823 1142 1895 vaticinans

103 1931 208 2001 canit:
241 1935 329 1999 ‘Deus
355 1957 463 2017 autem,
493 1959 546 2002 rex
575 1935 681 2022 noster,
703 1957 772 2000 anre
791 1931 900 2024 secula
933 1956 1073 2024 operatus
1101 1937 1142 2023 est

96 2040 232 2132 salutem
248 2043 280 2107 in
294 2039 391 2106 medio
410 2061 498 2128 terre,
517 2035 550 2107 id
568 2037 611 2107 est
628 2038 663 2107 in
678 2036 892 2126 Hierusalem,
907 2062 972 2133 que
988 2034 1142 2107 mediter·

104 2169 204 2217 tanea
221 2147 259 2215 δι
275 2141 448 2214 umbilicus
468 2169 549 2214 terre
566 2142 695 2215 dicitur.

105 2408 187 2480 XlV.
208 2415 261 2478 ‘De
277 2410 395 2505 ecclefio
413 2410 654 2479 launomaro
671 2415 702 2478 in
718 2411 800 2479 valle
813 2412 955 2503 iosaphat
966 2413 1139 2502 fabricato,

336 2521 367 2584 in
385 2543 443 2608 quo
461 2541 676 2586 monumentum
693 2521 759 2586 eius
775 2518 911 2587 studetur.

151 2684 349 2754 sanctorum
386 2681 539 2754 locorum
577 2681 705 2753 sedulus
744 2683 984 2778 frequentator,
1015 2683 1142 2756 sanctos

107 2789 269 2879 Arculslu,
295 2793 405 2860 sande
422 2793 541 2860 Maria
565 2792 712 2888 ecclefiom
746 2797 776 2860 in
805 2793 888 2861 valle
904 2795 1049 2887 Iosophat
1079 2789 1141 2864 sre-

106 2893 296 2992 quentabat,
327 2896 417 2966 cuius
444 2894 619 2993 dupliciter
638 2895 820 2968 fabricated
833 2897 970 2968 inferior
990 2925 1065 2995 pars
1083 2897 1140 2970 sub

106 3001 238 3099 lapideo
254 2999 399 3074 tabulato
418 3001 559 3074 mirabili
576 3002 720 3076 rotunda
738 3005 894 3075 struclura
910 3005 955 3075 est
972 3003 1140 3096 fabricata,

106 3111 138 3182 in
162 3111 255 3180 cuius
280 3110 428 3180 orientali
453 3136 544 3208 parte
573 3111 722 3182 altarium
747 3109 894 3202 habetur,
919 3109 963 3181 ad
991 3110 1140 3185 dextram

107 3243 182 3290 vero
205 3217 274 3288 eius
300 3241 429 3311 partem
454 3217 563 3288 sancle
585 3219 687 3288 Marie
712 3219 842 3289 saxeum
867 3219 949 3289 inest
964 3223 1139 3314 sepulcrum

108 3350 258 3417 vacuum,
285 3327 410 3422 inquo
437 3324 616 3422 aliquando
641 3327 818 3420 requievite
845 3325 992 3421 sepulta*
1006 3326 1070 3398 Sed
1098 3327 1140 3401 de

109 3428 224 3502 eodem
260 3433 426 3529 sepulcro,
456 3431 632 3529 quomodo
667 3433 719 3503 vel
752 3456 819 3527 quo
851 3456 1001 3527 tempore
1036 3460 1091 3506 aut
1120 3464 1140 3508 a

111 3535 222 3630 quibus
233 3541 391 3635 'personis
412 3541 561 3611 sancium
581 3539 813 3635 corpusculum
830 3539 898 3610 eius
915 3536 951 3609 fir
967 3537 1140 3635 sublatum,

108 3642 158 3714 vel
183 3645 218 3718 in
248 3672 317 3743 quo
345 3647 423 3717 loco
453 3647 718 3719 resurrectionem
742 3647 922 3743 exspedlat,
951 3648 1069 3738 nullus,
1105 3675 1140 3720 ut

110 3751 242 3844 sertur,f
259 3778 321 3849 pro
350 3777 440 3824 certo
462 3753 540 3823 scire
564 3752 681 3846 potest.
704 3754 802 3825 Hanc
819 3753 1009 3824 inferiorem
1027 3779 1139 3828 rotun-

110 3855 183 3927 dam
216 3860 333 3930 Sancle
367 3859 469 3930 Marie
503 3859 671 3932 ecclefiam
700 3863 867 3950 intrantes,
901 3860 992 3930 illam
1025 3858 1139 3931 vident

110 3989 231 4060 petram
243 3963 287 4036 ad
303 3964 451 4036 dextram
464 3969 594 4063 parietis
611 3968 775 4059 insertam,
794 3968 888 4063 supra
906 3993 1007 4064 quam
1021 3968 1138 4037 Domi-

142 4151 163 4185 a
180 4134 206 4186 L
229 4137 277 4188 1x.
295 4165 329 4175 —
347 4137 369 4188 b.
388 4138 430 4202 B.,
451 4139 476 4190 P.
497 4154 592 4203 ¹2943‚
653 4135 741 4188 sanclis
762 4135 881 4206 pertinet,-
901 4134 936 4188 as.
960 4133 1080 4204 pausavit.
1105 4163 1137 4173 —

113 4213 147 4278 V,
158 4215 184 4266 R.
202 4214 261 4282 poli.
283 4245 315 4255 -
330 4233 351 4268 c.
369 4217 405 4279 L,
416 4215 450 4268 al.
464 4217 541 4268 orbis.
557 4246 590 4256 -
652 4217 670 4268 s.
693 4219 717 4269 P.
741 4233 833 4283 12943,
850 4218 888 4269 ed.
906 4227 935 4268 ut
953 4215 1027 4268 refert
1047 4215 1137 4268 Hiero-

111 4291 133 4346 d.
151 4293 175 4348 l.
194 4293 296 4349 lubrice.
320 4325 353 4338 -
382 4314 404 4352 e.
428 4298 457 4350 B.
475 4296 590 4352 addit&
652 4315 753 4372 nymus.
