3390 5720
534 533 577 612 52
837 533 1006 586 sanctus
1030 532 1241 585 nuenanrus
1329 492 1331 496 ¹

338 777 479 826 uourstou.
578 761 610 827 ll.
638 760 744 828 Mons
761 761 835 826 Sion
852 755 951 827 latere
977 778 1057 847 un0,
1085 753 1178 850 quod
1203 755 1399 850 aquilonem
1427 753 1569 850 respicit,

530 863 722 934 clericorum
739 862 1031 960 religiosorumque
1043 859 1297 933 habitationibus
1311 861 1568 958 sequestratum:

528 971 619 1040 cuius
642 971 676 1042 in
702 970 820 1042 vertice
849 968 1019 1066 planitiem
1052 968 1295 1039 monachorum
1329 967 1453 1040 cellule
1487 964 1570 1038 obti-

528 1075 690 1148 nueruntb
703 1072 870 1147 ecclefiam
886 1072 1139 1166 circumdantes,
1157 1100 1222 1171 que
1242 1074 1319 1165 illic,
1337 1099 1373 1146 ut
1391 1075 1513 1165 fertur,
1530 1072 1570 1144 ab

528 1181 682 1279 apostolis
700 1180 835 1254 fundata
857 1206 918 1277 pro
936 1181 1003 1252 loci
1019 1181 1257 1253 resurtedlionis
1279 1180 1457 1253 dominice
1482 1207 1569 1252 reve·

528 1291 652 1361 rentia:
679 1285 722 1360 ob
752 1287 845 1384 quod
870 1284 1067 1385 promissum
1092 1287 1266 1384 quondam
1289 1314 1347 1385 per
1369 1287 1567 1359 Dominum

528 1394 692 1492 paracleto
710 1395 825 1492 repleti
840 1396 914 1466 sunt
929 1396 1050 1492 spiritu.

576 1507 621 1575 Ill.
646 1501 853 1574 Celebriores
882 1526 943 1573 tres
972 1502 1042 1573 sunt
1069 1525 1239 1599 portarum
1267 1503 1389 1576 exitus:
1418 1528 1511 1575 unus
1527 1501 1568 1574 ab

528 1609 656 1700 occasu,
682 1610 761 1682 alter
787 1607 828 1681 ab
855 1611 990 1699 oriente,
1015 1609 1125 1679 tertius
1152 1609 1442 1707 aseptentrionali
1472 1632 1565 1708 parte

527 1713 622 1787 urbis.

575 1821 628 1892 lV.
654 1821 795 1892 Primum
812 1818 854 1892 de
870 1821 953 1892 locis
967 1822 1093 1893 sanslis.

576 1928 634 1997 Pro
661 1927 854 2000 conditione
870 1928 1052 2025 platearum
1070 1927 1301 2000 divertendum
1326 1928 1372 2000 est
1399 1926 1447 2001 ad
1484 1923 1563 1999 basi·

527 2034 636 2122 licam,
663 2058 728 2128 que
745 2040 917 2128 marmium
936 2034 1129 2133 appellatur,
1148 2035 1404 2106 aConstantino
1432 2060 1564 2133 magno

528 2141 616 2212 cultu
640 2139 804 2213 exstrulla.
830 2140 960 2213 Dehinc
985 2140 1173 2212 coherentia
1197 2138 1238 2212 ab
1266 2143 1384 2214 occasu
1413 2143 1566 2214 visuntur

530 2248 685 2340 Golgorsra
710 2271 808 2342 atque
836 2256 996 2346 anffufis3
1025 2247 1081 2319 sed
1106 2244 1253 2320 anastasis
1274 2249 1308 2320 in
1335 2248 1414 2320 loco
1442 2250 1492 2320 est
1518 2274 1564 2318 re·

528 2353 741 2443 surreslionis,
759 2353 933 2452 Golgotha
949 2380 1040 2446 vero,
1058 2352 1186 2425 medius
1204 2355 1288 2426 inter
1310 2353 1485 2427 anastasim
1506 2371 1564 2426 ac‘

529 2460 729 2551 martyrium,
753 2459 845 2530 locus
870 2460 915 2532 est
937 2459 1104 2531 dominice
1121 2459 1292 2558 paffionis:
1318 2461 1353 2530 in
1371 2485 1439 2556 quo
1461 2462 1562 2533 etiam

528 2591 622 2663 rupes
648 2591 795 2663 apparet,
833 2592 897 2662 que
931 2565 1103 2663 quondam
1134 2567 1250 2662 ipsam,
1283 2565 1383 2638 affixo
1417 2569 1562 2640 Domini

528 2699 678 2773 corpore,
713 2701 846 2748 crucem
880 2675 1021 2772 pertulit.
1056 2678 1167 2772 Atque
1205 2675 1288 2748 bees
1306 2693 1436 2748 tamen⁶
1471 2698 1562 2747 extra

528 2805 678 2854 montem
700 2784 779 2854 Sion
800 2780 905 2879 posta
929 2807 1114 2875 cernuntur,
1142 2806 1210 2878 quo
1237 2783 1268 2855 se
1294 2780 1339 2853 ad
1366 2783 1560 2880 aquilonem

529 2887 682 2961 deficiens
707 2892 774 2963 loci
792 2915 904 2962 tumor
921 2893 1067 2990 portigit.

576 2998 617 3070 V.
645 2998 798 3092 Templum
818 3023 908 3089 ver0,
929 3000 964 3068 in
989 2998 1136 3071 inferiori
1158 3021 1250 3094 parte
1276 2995 1363 3070 urbis
1384 2998 1418 3068 in
1439 2997 1561 3070 vicinia

529 3105 612 3173 muri
623 3101 664 3174 ab
678 3105 803 3175 oriente
814 3104 961 3175 locatum
976 3104 1217 3204 magnificeque
1232 3105 1436 3194 exstruslum,
1451 3127 1558 3201 quon·

528 3206 606 3280 dam
619 3210 812 3281 miraculum
831 3210 901 3303 suit,
919 3237 957 3282 ex
975 3236 1042 3306 quo
1057 3213 1186 3308 parietis
1204 3213 1298 3283 unius
1314 3211 1348 3282 in
1362 3212 1461 3282 ruinis
1476 3237 1557 3308 que·

528 3315 605 3387 dam
619 3318 720 3413 pinna
734 3316 907 3414 superest,f
920 3317 1048 3414 reliquis
1070 3317 1113 3390 ad
1132 3317 1348 3391 fundamenta
1366 3317 1467 3413 usque
1487 3315 1556 3388 des·

528 3425 647 3494 truslis.
667 3424 768 3494 Pauce
780 3424 845 3495 illic
862 3423 996 3496 cistetne
1008 3427 1043 3496 in
1061 3426 1153 3497 usum
1166 3448 1328 3522 aquarum
1341 3423 1556 3496 ostenduntur

527 3530 616 3600 inea
633 3554 724 3625 parte
743 3531 890 3623 civitatis,
911 3555 974 3626 que
995 3530 1039 3604 ad
1052 3533 1309 3628 septentrionem
1329 3529 1509 3604 ostenditur
1521 3531 1554 3600 in

526 3635 646 3708 vicinia
664 3635 787 3732 templi.
1384 3658 1391 3675 ’

574 3741 627 3813 Vl.
654 3746 825 3837 bethesda!
840 3746 977 3842 gemino
995 3769 1133 3841 apparet
1147 3743 1280 3844 infignis
1300 3746 1386 3836 lacu,
1413 3768 1554 3842 quorum

528 3847 607 3920 alter
628 3848 767 3922 hibernis
784 3851 976 3948 plerumque
992 3851 1146 3950 impletur
1161 3849 1330 3945 imbribus,
1352 3851 1431 3924 alter
1453 3851 1555 3924 rubris

529 3955 574 4025 est
589 3953 731 4026 discolor
747 3958 849 4052 aquis.
1258 3978 1263 3986 ·

575 4063 642 4133 Vll.
668 4059 720 4132 Ab
746 4087 785 4134 ea
809 4063 917 4136 fronte
944 4066 1066 4137 montis
1092 4067 1182 4156 Sion,
1208 4091 1274 4162 que
1296 4090 1451 4163 prerupta
1476 4091 1553 4164 rupe

566 4273 590 4307 a.
607 4255 656 4308 Ed.
671 4255 850 4326 frequentatur.
863 4287 896 4297 -
920 4259 943 4310 b.
958 4259 1006 4310 Ed.
1069 4259 1116 4311 hic.
1132 4289 1164 4299 -
1184 4277 1204 4311 e.
1223 4260 1272 4313 Ed.
1286 4271 1349 4314 tum.
1364 4261 1433 4313 Forte
1444 4272 1551 4313 tantum.

527 4334 650 4387 obtinent.
664 4365 697 4374 —
710 4353 730 4388 t.
746 4336 858 4401 Ms.‚ed.
872 4337 970 4390 medius
983 4337 1008 4388 in
1070 4367 1103 4378 -
1119 4341 1147 4406 fl
1168 4339 1216 4391 Ed.
1231 4339 1276 4391 slat
1289 4341 1367 4410 supet.
1391 4369 1424 4380 -
1438 4357 1467 4412 g.
1489 4341 1550 4406 ΜΕ,

528 4414 655 4471 anastasim
670 4426 704 4472 at.
719 4447 744 4458 -
759 4419 784 4472 d.
801 4417 912 4487 Ms.‚ed.
923 4417 1010 4492 Aquae
1072 4417 1110 4475 ed.
1125 4417 1266 4476 Bethsaida.
