3354 5706
457 577 507 628 DE
532 577 636 630 LOCIS
661 577 827 631 SANCTIS.
1088 575 1154 656 215

449 1017 469 1085 l.
499 1019 550 1084 De
559 1021 619 1109 fini
637 1014 838 1106 Hierusalem.

140 1274 202 1347 3’-
295 1261 334 1351 “f
358 1249 480 1323 lTUS
506 1247 592 1322 urbis
618 1248 831 1340 Hierusalem,
862 1273 947 1346 pene
976 1251 1010 1319 in
1041 1248 1157 1322 orbem

166 1372 221 1447 32
279 1374 336 1453 ὴὲ
366 1359 611 1459 fortunatius,
633 1381 702 1428 non
720 1380 823 1452 parvo
840 1381 1008 1427 murorum
1034 1355 1157 1428 ambitu

293 1456 369 1587 ²:³35&
387 1462 530 1562 assurgit,
544 1489 611 1584 quo
624 1463 722 1534 etiam
735 1485 886 1532 montem
895 1464 973 1536 Sion
986 1462 1158 1559 quondam
1173 1467 1175 1474 ’

133 1622 365 1731 »e
386 1570 1003 1798 {sllssslssssssests‘ffssssselsl
1013 1569 1159 1751 llil?

124 1807 196 1878 pars
217 1786 358 1856 civitatis
380 1785 466 1856 infra
487 1809 639 1856 montem
655 1786 749 1874 iacet,
770 1786 804 1854 in
828 1784 961 1880 planitie
978 1783 1157 1857 humilioris

124 1889 214 1960 collis
231 1888 299 1962 sita.
313 1892 382 1962 Post
401 1890 581 1988 pasfionem
598 1895 722 1988 quippe
736 1893 875 1963 Domini
893 1917 912 1962 a
925 1891 1003 1962 Tito
1017 1894 1156 1988 impera-

122 2020 192 2068 tore
210 1997 386 2090 destrutia,
404 1997 459 2070 sed
476 1996 518 2070 ab
536 1999 602 2070 Elio
622 1997 805 2088 Hadrian0,
824 2025 843 2068 a
861 2024 929 2095 quo
949 2000 1048 2070 etiam
1065 2025 1155 2071 nunc

124 2107 194 2175 Elio
204 2130 355 2196 vocatur,
364 2106 534 2178 instaurata
544 2107 715 2202 multoque
724 2105 865 2201 amplior
875 2104 990 2178 essessa
999 2107 1051 2177 est.
1059 2106 1156 2180 Unde

124 2211 175 2302 esi,
193 2211 303 2308 quod,
321 2239 397 2284 cum
414 2215 580 2284 Dominus
597 2237 685 2284 extra
698 2237 810 2309 portas
825 2209 911 2283 urbis
927 2210 1035 2309 passus
1052 2214 1155 2310 sepul·

125 2320 235 2415 rusque
248 2317 299 2412 sit,
312 2318 416 2391 modo
430 2319 505 2390 loca
519 2319 670 2416 passionis
683 2321 717 2389 δι
730 2318 967 2391 resurrectionis
979 2317 1062 2391 illius
1071 2323 1155 2393 intra

125 2424 267 2497 eiusdem
299 2430 408 2499 menia
438 2451 621 2516 cernantur,
652 2429 742 2497 cuius
772 2427 806 2496 in
836 2451 959 2525 magno
986 2453 1155 2500 murorum

124 2532 246 2605 ambitu
263 2536 437 2632 osioginta
448 2557 588 2630 quatuor
601 2557 712 2622 turres,
727 2557 822 2629 porte
836 2557 915 2602 vero
933 2533 985 2604 sex
997 2533 1154 2606 visuntur:

127 2642 227 2735 prima
243 2665 343 2738 porta
359 2640 469 2713 David
486 2640 528 2712 ad
546 2639 754 2712 occidentem
772 2641 893 2710 montis
905 2641 995 2730 Sion,
1012 2641 1156 2712 secunda

125 2773 215 2842 porta
234 2749 327 2820 vallis
345 2748 494 2839 fullonis,
513 2750 604 2819 tertia
625 2772 722 2844 porta
738 2747 839 2817 lensii
856 2747 1022 2842 Stephani,
1041 2771 1155 2842 quarta

124 2880 215 2950 porta
236 2858 417 2945 Beniamin,
438 2858 551 2951 quinta
575 2855 717 2950 portula,
734 2853 769 2925 id
787 2855 841 2945 est,
858 2854 992 2950 parvula
1010 2878 1116 2951 porta,
1134 2883 1154 2926 a

125 2959 208 3056 qual
233 2989 295 3060 per
322 2961 443 3061 gradus
467 2961 509 3033 ad
532 2961 650 3033 vallem
669 2961 817 3057 iosaphat
830 2959 1044 3052 descenditur,
1069 2961 1155 3033 sexta

126 3094 216 3164 porta
228 3071 405 3142 Thecuitis.
424 3067 630 3140 Celebriores
651 3093 759 3140 tamen
774 3095 813 3139 ex
830 3069 878 3139 his
892 3069 964 3139 sunt
978 3093 1040 3140 tres
1053 3071 1154 3141 exitus

125 3201 306 3271 portarum:
331 3203 413 3248 unus
435 3175 569 3272 quidem
587 3174 628 3248 ab
651 3175 779 3265 occasu,
798 3176 877 3246 alius
891 3201 910 3246 a
926 3174 1153 3272 septentrione,

127 3286 229 3355 tertius
251 3283 295 3356 ab
305 3287 439 3355 oriente.
467 3287 496 3353 Α
521 3281 655 3353 meridie
676 3306 801 3370 autem,
824 3281 1010 3377 aquilonale
1032 3286 1154 3356 montis

125 3389 198 3461 Sion
217 3391 424 3488 supercilium
444 3391 661 3485 supereminet
683 3389 816 3479 civitati,
838 3391 962 3484 &pars
984 3415 1154 3462 murorum

124 3519 195 3566 cum
209 3495 404 3593 interpositis
418 3493 554 3567 turribus
573 3496 676 3567 nullas
689 3495 809 3567 habere
825 3519 937 3592 portas
955 3494 1153 3593 comproba·

126 3626 182 3694 tur,
195 3603 228 3675 id
239 3605 295 3694 est,
307 3631 326 3675 a
337 3604 432 3699 supra
446 3602 562 3700 scripta
572 3601 681 3675 David
694 3625 791 3700 porta
805 3602 954 3698 usquead
968 3629 1041 3675 eam
1055 3612 1153 3675 mon·

128 3711 163 3779 tis
175 3711 251 3782 Sion
271 3711 425 3800 frontem,
449 3735 512 3805 que
534 3734 689 3805 prerupta
712 3735 792 3806 rupe
814 3711 1006 3782 orientalem
1028 3711 1154 3807 respicit

127 3815 264 3914 plagam.
293 3818 375 3889 Situs
403 3820 526 3914 quippe
550 3815 646 3914 ipfius
669 3815 764 3909 urbis,
787 3843 806 3887 a
828 3817 1000 3913 supercilio
1027 3817 1152 3914 aquilo·

128 3923 188 3993 nali
210 3925 332 3996 montis
350 3925 429 3995 Sion
450 3925 621 4020 incipiens,
644 3926 689 3995 ita
706 3925 751 3996 est
768 3923 861 3994 molli
879 3925 965 3996 clivo
985 3921 1153 4020 dispositus

129 4027 222 4124 usque
253 4029 295 4101 ad
320 4029 494 4102 humiliora
520 4031 755 4126 aquilonalium
780 4031 1053 4125 orientaliumque
1077 4031 1153 4102 loca

129 4160 303 4228 murorum,
330 4163 365 4208 ut
393 4138 503 4234 pluvia
526 4135 573 4209 ibi
599 4136 752 4210 decidens
776 4163 986 4234 nequaquam
1002 4137 1071 4230 stet,
1096 4136 1151 4208 sed

160 4373 180 4408 a
198 4359 301 4409 saulum
317 4360 360 4420 Pa,
373 4369 450 4434 parte.
466 4385 498 4396 -
513 4359 536 4408 b.
553 4357 590 4408 Sic
601 4373 657 4426 τμη
671 4355 703 4408 al.
719 4358 752 4408 ab
765 4355 819 4410 hac.
