3390 5720
470 500 520 550 on
537 501 641 552 Locls
658 499 824 552 snucrts.
1092 501 1155 580 ¹¹3

118 725 238 792 Horeb.
261 719 297 790 Et
325 719 440 790 dicunt
461 718 525 792 elle
543 719 657 792 Horeb
679 747 799 792 terram
821 718 991 792 mundam.
1015 726 1050 791 ln
1067 745 1160 818 parte

121 826 220 925 iplius
236 830 358 900 montis
370 826 493 898 habent
505 831 669 900 Sarracent'
683 831 798 899 idolum
807 828 905 933 xsuum
918 824 1060 922 positum
1074 854 1159 898 mar·

122 961 289 1026 moreum‚
302 933 483 1008 candidum
498 959 670 1030 tamquam
684 937 803 1007 nivem.
819 933 863 1006 lbi
877 935 977 1006 etiam
989 959 1160 1031 permanet

123 1039 278 1112 sacerdos
292 1067 407 1114 eorum
420 1039 551 1111 indutus
566 1041 740 1113 dalmatica
751 1041 891 1138 &pallio
904 1041 1001 1112 lineo.
1011 1042 1159 1139 Quando

119 1151 212 1219 venit
230 1175 361 1246 tempus
380 1149 556 1220 festivitatis
578 1148 722 1239 illorum,
740 1163 946 1220 recurrente“
962 1147 1051 1241 luna,
1069 1176 1159 1223 ante-

122 1281 227 1350 quam
247 1281 328 1354 etgo
343 1255 460 1326 dicitur
475 1255 554 1326 luna
572 1255 616 1326 ad
634 1255 722 1326 diem
741 1255 858 1326 festum
873 1257 1031 1352 ipsorum,
1045 1259 1162 1354 incipit

122 1390 272 1434 marmor
295 1360 377 1434 illud
401 1385 528 1433 mutare
557 1361 745 1454 colorem,b
776 1388 855 1432 mox
879 1362 957 1433 luna
989 1365 1161 1456 introierit,

126 1469 265 1566 quando
276 1472 421 1568 ceperint
434 1467 572 1540 adorare
581 1468 721 1558 idolum,
732 1468 769 1539 fit
780 1495 925 1540 marmor
937 1468 1018 1540 illud
1030 1473 1162 1569 nigrum

127 1575 206 1646 stcut
223 1577 290 1672 pix.
308 1576 559 1672 Completoque
575 1599 725 1671 tempore
743 1576 927 1666 festivitatis,
945 1580 1112 1649 revertitur
1128 1580 1162 1648 in

126 1685 302 1780 pristinum
328 1684 488 1773 colorem,
514 1681 602 1754 unde
622 1685 762 1756 omnino
788 1708 904 1754 omnes
921 1685 1027 1755 mirau'
1044 1687 1161 1756 sumus.

438 1925 586 1998 XXXIX.
605 1931 747 2012 Manna,
760 1931 843 2018 fere.

179 2119 265 2184 lnter
279 2115 354 2184 Sina
371 2117 406 2184 δε
424 2111 539 2184 Horeb
553 2113 598 2184 est
611 2113 713 2204 vallis,
726 2113 760 2183 in
775 2138 839 2207 qua
852 2113 944 2182 certis
963 2109 1165 2208 temporibus

132 2219 301 2292 descendit
313 2245 367 2290 ros
381 2219 422 2291 de
436 2221 519 2312 cel0,
534 2246 634 2315 quem
653 2247 786 2290 munnam
801 2219 978 2316 appellant,
995 2223 1029 2289 &
1041 2245 1165 2318 coagu-

131 2329 223 2420 latur,
247 2332 284 2398 &
300 2328 337 2398 fit
354 2351 524 2424 tamquam
546 2352 687 2426 granum
710 2327 867 2398 masticis:
888 2330 923 2396 δε
940 2326 1115 2424 colligitur,
1132 2330 1167 2397 &

132 2433 219 2506 dolia
235 2434 314 2508 inde
327 2437 426 2533 plena
439 2431 567 2508 habent'
574 2437 609 2506 in
622 2457 746 2526 monte,
761 2433 848 2506 unde
861 2459 922 2530 pro
937 2431 1167 2506 benediclione

134 2539 210 2614 dant
229 2544 426 2640 ampullulas
450 2543 617 2634 modicas3
643 2567 722 2614 nam
748 2544 783 2610 ἃ
807 2539 903 2612 nobis
922 2539 1083 2610 dederunt
1101 2543 1167 2612 sex-

137 2653 231 2721 tarios
251 2653 408 2748 quinque.
437 2653 477 2723 Ex
504 2677 572 2747 quo
598 2653 698 2722 eriam
723 2650 858 2747 prodito
877 2649 1003 2742 bibunt,
1020 2654 1055 2720 δε
1072 2645 1168 2722 nobis

136 2756 297 2830 dederunt
315 2764 350 2831 &
369 2757 522 2832 bibimus.
545 2759 580 2829 Et
596 2761 629 2831 in
648 2757 722 2854 ipfis
741 2757 910 2831 montibus
928 2763 975 2829 leo
992 2761 1027 2828 δε
1038 2761 1167 2852 pardus,

135 2893 238 2959 cuprea
264 2870 299 2937 ὅ(
330 2872 473 2938 burdones
498 2871 533 2937 ἃ
561 2875 673 2961 onagri
703 2864 796 2938 fimul
823 2869 971 2963 pascunt,
1001 2865 1169 2960 nullusque

136 2989 270 3044 eorum‘
285 2971 404 3045 leditur
423 2997 560 3070 propter
581 2974 683 3042 eremi
698 2973 892 3044 vastitatem.
915 2973 949 3043 Et
967 2974 1043 3068 quia
1058 2973 1125 3042 iam
1138 2972 1170 3042 se

136 3076 349 3178 complebant
378 3079 446 3152 dies
479 3081 547 3152 festi
573 3080 861 3173 Sarracenorum,⁴¹
884 3105 984 3177 preco
1015 3079 1104 3168 exiit,
1136 3102 1171 3149 ut

137 3187 240 3257 nullus
260 3185 435 3259 subfisteret
450 3213 511 3285 per
527 3213 684 3278 eremum,
707 3214 883 3284 perquam
901 3187 1028 3284 ingteffi
1046 3187 1166 3258 sumus.

139 3294 198 3384 nlij
212 3293 453 3391 perbgyptum,
467 3295 519 3386 alij
533 3320 593 3391 per
606 3291 763 3364 Arabiam
776 3291 888 3366 reversi
897 3293 968 3364 sunt
980 3294 1014 3364 in
1028 3293 1172 3364 sanciam

140 3401 316 3472 civitatem.

484 3641 548 3712 XL.
576 3643 688 3731 olbilu,
712 3647 829 3712 Phara.

188 3834 241 3906 De
258 3859 374 3908 monte
388 3837 462 3908 Sina
480 3837 627 3932 usquein
645 3835 763 3907 Arabie
776 3837 954 3925 civitatem,
974 3859 1038 3928 que
1057 3830 1175 3902 dicitur

143 3955 248 4040 olbila,
269 3951 343 4023 sunt
367 3949 549 4024 mansiones
568 3955 658 4022 ocio.
689 3955 722 4022 ln
740 3949 836 4022 Abila
861 3946 1063 4021 descendunt
1078 3971 1175 4019 naves

144 4055 182 4128 de
200 4058 292 4130 lndia
310 4083 388 4130 cum
404 4057 533 4132 divetl'ts
551 4056 763 4130 aromatibus.

189 4163 295 4238 Nobis
314 4189 425 4238 autem
441 4166 547 4240 visum
570 4166 614 4238 est
630 4191 690 4264 per
707 4165 870 4264 Egyptum
888 4165 1015 4254 reverti,
1037 4165 1071 4233 δι
1085 4162 1177 4256 Ινεηί·

176 4348 197 4378 a.
211 4329 288 4394 aar,
299 4327 334 4382 al.
348 4341 515 4398 precurrente,
524 4347 626 4400 percur-
725 4345 747 4380 c.
759 4325 846 4379 Omitto
856 4345 871 4378 a
880 4326 959 4380 leone.
971 4353 1004 4365 -
1014 4324 1039 4376 d.
1051 4324 1089 4376 Al.
1101 4324 1176 4376 ltma-

146 4416 218 4459 reme.
234 4439 268 4448 -
283 4411 309 4462 b.
324 4411 383 4476 Ed,
400 4410 426 4461 V.
441 4427 538 4463 vocem.
689 4407 831 4462 helitarum.

1050 4519 1079 4572 Ῐ5
