3448 5718
1214 413 1248 474 ἦ,

177 523 198 558 ‘
262 527 406 580 xiv-xv.
426 525 660 579 nnscmmo
678 525 920 580 PARRocfflm
937 525 1164 580 mmmmm.
1221 417 1252 580 ii

190 739 296 826 fustus
310 753 421 803 narrat
442 737 612 803 Guillelmus
629 736 742 821 Tyrius,
756 739 804 821 qui
813 753 901 823 papa
914 737 1025 801 litteras
1044 737 1077 800 de
1096 740 1184 801 verbo
1202 738 1245 800 ad

202 837 328 900 uerbum
330 837 400 926 sua
409 835 527 921 istoria
536 837 666 926 inseruit,
675 853 757 919 atque
767 837 799 898 de
812 835 933 917 antiquis
940 833 1099 900 hotiooheni
1103 839 1240 922 patriar-

201 935 303 999 ebatus
316 933 451 998 limitibus
464 958 498 997 ac
511 933 646 1020 diuisione
659 935 802 1019 diffiruit,
811 948 909 1019 pauca
923 934 1053 1016 quadam
1073 936 1110 997 ab
1125 937 1243 1019 antiqua

202 1031 304 1114 aliqua
328 1031 425 1094 notitia
447 1045 601 1110 mutuatus,
621 1053 685 1112 qua
706 1053 759 1092 non
773 1029 835 1092 alia
849 1052 933 1112 quam
947 1031 1039 1115 nostra
1052 1030 1107 1114 effi
1118 1033 1240 1095 videtur.

245 1129 306 1193 Illa
327 1152 402 1212 ergo,
421 1151 506 1212 quam
524 1129 618 1213 praelo
629 1128 810 1215 subiecimus,
832 1127 965 1206 Notitia,
977 1127 1054 1192 iliius
1077 1129 1170 1193 atatis
1186 1129 1241 1214 effi

201 1229 330 1307 videtur,
358 1250 414 1310 qua
447 1224 548 1290 Graeci
568 1227 598 1289 in
622 1225 778 1310 Palaestina
804 1227 887 1290 etiam
910 1226 1136 1292 dominabantur.
1158 1227 1241 1312 Quin

202 1327 285 1390 etiam
301 1348 374 1389 anno
394 1343 453 1409 553
459 1324 603 1413 scriptam
616 1324 672 1411 ψ
686 1325 848 1406 dixerimus,
855 1325 887 1412 st
899 1325 977 1386 modo
990 1325 1156 1414 quibusdam
1171 1349 1241 1390 ver-

203 1425 256 1504 tis,
270 1421 436 1486 Antiochensi
444 1411 663 1507 patriarchatus
675 1421 883 1510 descriptionem
888 1423 1078 1509 sequentibus,
1090 1424 1242 1490 tribuenda

133 1553 137 1558 ·
196 1519 325 1608 fitfides.
339 1519 387 1584 En
396 1520 494 1602 quibus
503 1522 682 1604 comperimus
690 1520 772 1583 illam
782 1543 888 1586 nouam
897 1519 1055 1608 diviſsmem
1065 1523 1094 1585 in
1105 1521 1241 1607 Gmstan·

202 1618 384 1704 tinopolitano
396 1617 517 1696 consilio,
536 1617 583 1681 hoc
596 1640 670 1682 anno
690 1618 838 1698 celebrato,
857 1619 996 1683 decretam
1005 1620 1110 1705 suiffi.
1134 1619 1240 1684 Faten-

203 1717 271 1778 dum
285 1732 378 1780 tamen
392 1713 465 1778 nihil
474 1714 533 1778 tale
545 1717 574 1778 in
588 1715 697 1798 concilsj'
709 1717 778 1780 attis
790 1740 837 1780 nos
850 1719 996 1804 inventffi,
1008 1741 1057 1781 nec
1070 1719 1099 1781 in
1119 1719 1241 1781 omnibus

202 1813 360 1879 Notitiam
370 1835 432 1876 eum
444 1811 670 1895 Descriptione,
679 1836 742 1895 qua
747 1815 895 1899 pracedit,
905 1838 1063 1898 cmgruere.
1074 1815 1241 1903 Quodscire

204 1910 310 1974 volenti
331 1911 524 1992 cuiuscumque
556 1911 712 1998 metropolis
740 1911 862 1998 eceloſsas
887 1913 1053 2000 episcopales
1082 1929 1241 1998 computare
1270 1991 1275 1996 ι

196 2008 334 2098 sufficiet.
348 2009 385 2073 ln
398 2007 681 2098 Descriptionesub
692 2009 829 2096 Casarea
839 2026 876 2092 27
888 2008 1129 2097 ecclefiasuntin
1142 2011 1240 2075 Noti·

204 2107 249 2169 tia
262 2119 354 2169 autem
378 2124 434 2190 195
460 2107 489 2168 in
505 2103 721 2188 Descriptione
734 2105 795 2192 sub
809 2104 988 2190 Scythopoli
1006 2124 1053 2187 14,
1071 2109 1101 2168 in
1116 2107 1239 2172 Notitia

203 2203 245 2276 8,-
264 2204 294 2266 in
308 2200 527 2286 Descriptione
541 2202 653 2266 Petreio
665 2202 986 2289 episeoposubiiciuntur
1006 2222 1053 2289 13,
1074 2205 1103 2266 in
1118 2205 1241 2270 Notitiu

205 2323 277 2364 vero
301 2318 347 2380 12,
367 2301 397 2363 in
413 2297 628 2383 Descriptione
648 2299 789 2386 Bssrenst
801 2317 851 2384 30,
870 2302 900 2363 in
918 2300 1042 2365 Notitia
1059 2321 1106 2386 34.
1127 2303 1242 2388 Quibus

206 2398 289 2461 addit
298 2397 421 2461 Notitia
432 2416 469 2479 25
480 2397 827 2486 eeclestassuffiaganeas.
840 2399 934 2481 Atque
948 2412 980 2461 ut
991 2423 1051 2462 rem
1063 2401 1105 2464 ad
1106 2401 1240 2488 samma-

204 2497 282 2559 rium
302 2495 476 2579 redigamus,
495 2497 525 2559 in
547 2495 765 2579 Descriptione
778 2496 828 2578 84,
849 2497 878 2559 in
892 2496 1017 2560 Notitia
1034 2520 1104 2562 vero
1117 2499 1156 2584 98
1169 2498 1244 2585 sunt

204 2592 330 2680 ecciepiae.

245 2689 377 2773 Quidam
375 2690 709 2775 sortemirabuntur,nos
716 2691 899 2774 antiquiorem
907 2689 1155 2775 Descriptionem
1166 2691 1240 2780 exis-

208 2785 332 2871 timaffi,
342 2809 427 2870 quum
440 2786 564 2850 Notitia
572 2787 704 2871 plurium
711 2790 848 2852 contineat
856 2787 1034 2876 ecclestarune
1042 2789 1203 2868 nonium&
1211 2789 1240 2852 in

208 2884 329 2950 Oriente
360 2884 457 2948 multa
485 2883 601 2967 esclepia
624 2900 778 2971 temporum
794 2885 925 2972 proeeffie
950 2887 1098 2972 destruttae
1119 2885 1240 2968 fuerint.

205 2982 272 3046 Nec
283 2995 375 3045 tamen
384 2979 432 3044 hoc
445 2983 569 3066 nostram
579 2997 692 3047 mutare
698 2983 788 3068 potuit
787 2983 967 3072 sententiam,
975 2985 1024 3067 qui
1032 2981 1239 3064 Descriptioni

205 3079 293 3143 multo
315 3079 449 3142 maiorem
462 3077 603 3162 fiduciam
617 3101 702 3164 quam
723 3079 854 3143 Notitiae
874 3082 1041 3144 tribuamus.
1066 3078 1240 3162 Descriptio

206 3178 280 3242 enim
294 3177 324 3238 in
338 3175 460 3238 omnibus
473 3175 611 3256 cumillis,
626 3199 689 3258 qua
701 3178 735 3240 de
751 3177 996 3265 Palaestinaestatu
1010 3178 1085 3241 nobis
1098 3191 1163 3240 nota
1168 3173 1244 3262 sunt

207 3273 305 3359 optime
319 3273 453 3352 cmvenit,
468 3272 497 3334 in
511 3271 634 3336 Notitia
643 3297 712 3336 vero
721 3273 814 3358 plura
823 3274 960 3338 intellectu
969 3274 1098 3362 dfficilia
1111 3273 1242 3362 mesatis

201 3372 340 3454 probata.
357 3367 605 3453 Descriptionem
621 3393 686 3454 ergo
695 3371 784 3456 paulo
795 3373 858 3456 post
870 3371 1087 3461 coatedonmse
1100 3370 1241 3435 concih'um

209 3469 355 3533 redamam
368 3467 466 3554 fuiffi
491 3468 648 3552 opinamur,
662 3468 817 3534 Notitiam
837 3491 907 3532 uero
915 3469 1012 3560 serius
1031 3470 1068 3532 ab
1082 3467 1242 3533 muocteno

209 3567 329 3650 quodam
345 3565 501 3650 presbytero
523 3565 708 3654 emscriptam
721 3567 778 3651 fui
804 3591 829 3646 e,
851 3567 900 3648 qui
918 3567 1017 3651 plures
1036 3566 1159 3653 ecelefias
1172 3566 1242 3654 sue

209 3662 324 3751 ecelesia
339 3662 510 3728 attribuerit.

252 3760 353 3844 Neque
372 3781 441 3824 vero
459 3763 582 3844 nostrum
595 3763 634 3844 est
653 3761 780 3824 indicare
794 3785 857 3844 qua
860 3761 902 3848 fit
918 3761 960 3826 his
973 3763 1071 3827 titetts
1083 3761 1242 3826 adhibenda

209 3858 295 3934 fidem
305 3858 378 3945 satis
390 3860 542 3923 orituram
556 3859 739 3944 alteramque,
748 3861 875 3924 maxima
888 3884 945 3944 qua
952 3863 1090 3947 potuimus
1099 3860 1242 3944 didgentia

211 3956 298 4019 denuo
312 3955 463 4042 impreffios
475 3957 610 4038 exhibere,
634 3959 684 4041 qui
696 3959 800 4022 uolenti
815 3955 918 4022 Terra
936 3959 1044 4021 Sarda
1053 3959 1164 4045 statum
1179 3971 1243 4022 ante

201 4055 311 4142 sacras
338 4055 516 4138 expeditiones
538 4057 694 4145 describere
717 4079 769 4119 non
793 4055 904 4119 minimi
918 4058 972 4142 effi
992 4057 1110 4120 debeant
1131 4056 1242 4138 auxili.

213 4149 320 4214 Graeea
339 4165 410 4214 certe
433 4152 531 4236 ingua
552 4154 707 4243 conscripta
728 4167 813 4217 erant
830 4155 956 4236 genuina
976 4169 1070 4238 opera,
1092 4154 1243 4235 dequibus

350 4284 373 4330 Τ
1108 4315 1121 4361 o
