3354 5706
445 541 496 594 nu
520 542 625 594 noers
649 541 817 596 sancus.
1082 548 1141 616 ¹71

146 786 233 856 Hec
252 811 333 883 ergo
350 783 481 858 ecclesia
498 811 587 857 extra
605 786 740 858 civitatis
764 811 894 855 murum
911 785 944 854 in
962 782 1045 854 valle
1064 807 1144 852 con·

92 895 196 989 rigua
222 893 269 990 est
290 892 436 984 fundata,
460 918 524 988 que
544 891 787 964 Beethlemitico
806 893 839 962 in
856 914 949 988 parte
965 889 1145 986 aquilonali

92 986 297 1070 monticulo
313 999 457 1072 coheret.

174 1269 225 1338 V.
255 1274 306 1339 ‘De
325 1270 382 1338 illo
400 1269 530 1363 ecclefia,
544 1275 576 1343 in
602 1271 687 1336 cuius
705 1270 848 1336 interiore
859 1269 1064 1360 putrescendi

367 1377 545 1466 Hieronymi
554 1374 727 1468 sepulcrum
744 1376 878 1442 liabetur.

148 1573 207 1642 De
234 1553 382 1667 sepulcro
402 1593 536 1664 quoque
553 1567 653 1637 sansli
672 1567 868 1659 Hieronymi
887 1563 977 1636 simili
997 1565 1145 1637 sollicitu-

98 1675 179 1747 dine
216 1675 315 1748 nobis
340 1672 587 1770 inquirentibus,
615 1671 764 1742 Arculsus
793 1670 836 1743 stc
868 1673 925 1743 ait:
955 1673 1146 1770 Sepulcrum

99 1783 208 1852 {anni
229 1782 438 1872 Hieronymi,
455 1779 497 1850 de
515 1805 583 1876 quo
597 1779 767 1875 inquiritis,
786 1803 850 1876 ego
869 1779 1035 1875 conspexi,
1054 1778 1146 1875 quod

98 1890 133 1958 in
151 1889 212 1960 illa
236 1885 372 1958 habetur
395 1884 537 1978 ecclesia,
556 1912 621 1981 que
645 1910 734 1956 extra
756 1883 897 1955 eandem
923 1886 1146 1957 civitatiuncu·

98 1993 190 2066 lam⁶
208 1996 246 2064 in
262 1993 345 2066 valle
362 1995 406 2065 est
422 1990 591 2082 fabricata,
610 2017 685 2088 que,
703 1993 737 2062 in
760 1989 942 2062 meridiano
961 1990 1061 2062 latere
1079 1988 1146 2084 sna,

101 2101 201 2198 supra
220 2102 397 2172 memorati
415 2097 511 2170 dorso
530 2097 700 2169 monticuli
712 2097 756 2169 est
769 2100 1009 2168 conterminata
1022 2097 1144 2170 Bethle-

101 2207 265 2279 hemitici.
297 2206 403 2306 Quod
430 2204 583 2278 videlicet
625 2205 823 2298 Hieronymi
845 2204 1028 2301 sepulcrum
1052 2201 1144 2275 simili

103 2339 208 2411 opere
228 2336 266 2384 ut
279 2312 477 2385 Davidicum
494 2334 749 2383 monumentum
768 2309 1000 2409 compositum,
1018 2311 1143 2383 nullum

105 2445 267 2492 ornatum
280 2418 387 2492 habet.

105 2687 158 2759 Vl.
188 2692 244 2758 ‘De
259 2692 454 2758 monumentis
473 2688 595 2758 illorum
613 2693 704 2758 rrium
716 2693 880 2782 pastorum,
899 2714 985 2779 quos,
1005 2690 1140 2782 nuscenre

290 2799 433 2880 Domino,
455 2796 569 2888 celestis
585 2795 782 2888 circumfulfit
798 2796 973 2874 clorimdo;

461 2904 498 2970 de
515 2901 634 2998 ecclesto
652 2903 784 2971 illorum.

156 3097 210 3166 De
221 3105 419 3168 monumentis
430 3095 562 3168 illorum
575 3097 753 3193 pastorum,
768 3121 851 3191 quos
865 3101 964 3168 nosle
978 3095 1148 3168 dominice

110 3204 286 3274 nativitatis
311 3203 432 3274 celestis
457 3200 665 3273 circumfulsit
684 3201 856 3292 claritud0,
875 3203 1024 3274 Arculsus
1051 3201 1148 3274 nobis

111 3309 245 3382 brevem
265 3310 406 3382 contulit
424 3310 679 3399 relatiunculam,
697 3311 862 3405 inquiens:
884 3310 999 3380 Trium
1016 3308 1148 3381 illorum
1225 3337 1229 3346 ·

111 3413 300 3488 inecclesra
316 3417 483 3514 pastorum
507 3419 566 3488 tria
592 3418 797 3513 frequentavi
820 3440 1036 3487 monumenta
1060 3419 1149 3488 iuxta

112 3526 224 3594 turrim
249 3521 364 3595 Gader
393 3524 615 3615 humatorum,
644 3550 708 3620 que
738 3523 826 3594 mille
856 3525 980 3594 circiter
1008 3521 1148 3620 passibus

111 3655 225 3702 contra
255 3631 450 3702 orientalem
466 3631 601 3728 plagam
628 3629 721 3702 distat
738 3657 757 3700 a
774 3629 972 3721 Bethlehem,
1005 3656 1088 3727 quos
1114 3631 1147 3702 in

113 3737 233 3808 eodem
261 3737 352 3828 loco,
377 3738 528 3809 nascente
545 3739 706 3828 Domin0,
732 3736 797 3807 hoc
823 3737 878 3828 est,
903 3763 1009 3835 prope
1035 3738 1146 3807 turrim

113 3845 243 3942 Gregis,
263 3837 427 3942 'angelice
464 3843 564 3915 lucisb
593 3845 717 3915 claritas
751 3841 979 3915 circumdedit:
1014 3845 1048 3913 in
1079 3869 1147 3939 quo

115 3949 229 4022 eadem
257 3948 389 4022 ecclefia
410 3951 455 4020 est
480 3948 628 4042 fundata,
653 3977 770 4022 eorum
791 3951 959 4048 pallorum
977 3952 1149 4022 continens

115 4056 271 4155 sepulcra.

151 4331 173 4366 a.
189 4317 225 4384 i,
239 4318 269 4368 B.
281 4315 419 4368 civitatem.
431 4345 463 4354 —
473 4315 499 4367 b.
507 4315 536 4366 B.
551 4313 628 4366 vocis.
690 4353 696 4364 .
