3354 5706
525 549 594 622 216
848 570 953 623 naun
978 569 1226 623 vnnnnnnuts

518 787 617 860 instar
639 788 816 863 fluviorum
841 817 898 888 per
924 794 1095 866 orientales
1118 790 1264 864 defluens
1281 815 1403 888 portas,
1426 791 1556 862 cunt‘lis

519 895 630 966 secum
659 898 841 993 platearum
861 898 1010 972 sordibus
1029 903 1140 996 raptis,
1161 901 1195 970 in
1213 899 1297 970 valle
1320 897 1473 998 iosaphat
1489 923 1555 969 tor·

520 1026 648 1077 rentem
662 1004 800 1078 Cedron
817 1031 945 1106 augeat.

519 1271 550 1338 ll.
580 1272 630 1339 De
656 1272 774 1368 ecclefia
803 1277 1051 1364 Constantiniana
1078 1274 1109 1342 ἃ
1136 1276 1342 1368 Golgorlronu‚
1368 1277 1407 1343 de
1430 1275 1555 1369 eccltssn

549 1380 776 1469 resurredt‘onr's
791 1379 821 1447 de
835 1382 872 1447 de
877 1381 1020 1474 sepulcro
1033 1385 1175 1467 Domini,
1190 1383 1227 1449 de
1241 1383 1344 1474 lapide
1358 1383 1397 1451 od
1409 1387 1521 1474 ostium

627 1491 807 1554 monumenti
825 1489 979 1574 advoluto,
998 1489 1036 1556 de
1052 1488 1171 1580 ecclefia
1190 1489 1301 1566 Sane‘les
1315 1489 1444 1576 Maria,

686 1593 723 1660 de
736 1593 831 1661 cnlt'ce
845 1595 976 1664 Domini
989 1594 1019 1662 de
1035 1597 1072 1662 de
1076 1597 1223 1688 spongia,
1237 1595 1385 1665 deuitare

788 1702 960 1791 olbrnlzom,
978 1703 1015 1768 de
1031 1702 1135 1770 lancea
1151 1701 1273 1770 militis.

568 1856 712 1956 lngrellis
728 1884 810 1956 ergo
827 1885 846 1930 a
859 1860 1104 1956 septentrionali
1118 1882 1209 1956 parte
1223 1857 1337 1931 urbem
1349 1863 1499 1958 primum
1514 1859 1556 1932 de

518 1964 600 2034 locis
609 1964 724 2036 landis
735 1991 798 2063 pro
812 1965 1005 2038 conditione
1019 1967 1201 2063 platearum
1216 1964 1446 2038 divertendum
1456 1967 1556 2038 estad

519 2073 668 2170 ecclefinm
680 2077 706 2144 C
707 2080 968 2166 onflantt'nt'anam,
985 2100 1049 2170 que
1062 2081 1236 2167 martyrium
1249 2074 1438 2170 appellatur.
1454 2075 1555 2146 Hanc

517 2177 751 2252 Constantinus
778 2182 968 2277 imperator,
995 2206 1037 2252 eo
1064 2177 1226 2276 quodibi
1254 2205 1331 2252 crux
1348 2183 1492 2254 Domini
1513 2179 1555 2253 ab

518 2284 648 2357 Helena
665 2311 767 2358 matre
785 2311 912 2383 reperta
929 2286 976 2379 fit,
994 2287 1169 2385 magnifice
1185 2289 1221 2358 dt
1237 2288 1332 2385 regio
1351 2288 1439 2358 cultu
1458 2289 1555 2358 cons·

519 2393 625 2463 truxit.
644 2393 772 2466 Dehinc
794 2393 837 2466 ab
860 2394 977 2466 occasu
998 2397 1193 2490 Golgorlrana
1214 2393 1343 2465 videtur
1358 2398 1493 2492 ecclefia,
1521 2397 1553 2466 in

520 2522 585 2593 qua
603 2501 701 2571 etiam
715 2527 811 2598 rupes
823 2524 960 2598 apparet
976 2501 1040 2593 illa,
1055 2526 1119 2597 que
1137 2500 1308 2597 quondam
1322 2502 1435 2598 ipsam,
1450 2500 1554 2576 affixo

520 2605 658 2676 Domini
675 2632 824 2704 corpore,
843 2633 975 2679 crucem
988 2609 1130 2703 pertulit,
1148 2632 1338 2704 argenteam
1357 2607 1462 2680 modo
1482 2635 1554 2705 per·

517 2711 680 2808 grandem
693 2714 845 2786 sustinens
858 2741 1000 2802 crucem,
1013 2713 1178 2810 pendente
1192 2739 1315 2812 magna
1327 2713 1466 2812 desuper
1480 2743 1554 2788 enea

517 2842 590 2890 rota
603 2845 679 2890 cum
696 2820 912 2919 lampadibus.
932 2821 1016 2892 infra
1032 2821 1138 2918 ipsum
1157 2845 1236 2892 vero
1250 2820 1363 2892 locum
1374 2823 1554 2894 Dominice

517 2927 623 2997 crucis
640 2928 745 2999 excisa
760 2929 795 2998 in
812 2953 904 3024 petra
921 2953 1035 3024 crypta
1053 2928 1107 3016 est,
1126 2931 1161 2998 in
1179 2953 1245 3024 qua
1261 2929 1356 3025 super
1371 2929 1474 3000 altare
1492 2953 1554 3026 pro

519 3030 681 3105 defirndlis
697 3035 866 3106 honoratis
889 3033 1079 3106 lacrificium
1100 3034 1182 3105 solet
1198 3031 1318 3126 offerri,
1339 3032 1449 3131 postris
1468 3038 1554 3108 inte·

520 3139 582 3210 rim
610 3142 644 3224 in
672 3141 781 3236 platea
805 3139 1008 3239 corporibus.
1036 3141 1139 3213 Huius
1170 3165 1305 3237 quoque
1328 3140 1371 3212 ad
1396 3143 1554 3214 occasum

520 3243 650 3318 ecdefie
675 3248 902 3339 ἀναστάσεως,
930 3250 995 3318 hoc
1024 3248 1069 3318 est
1098 3249 1337 3320 resurredlionis
1362 3249 1554 3339 Dominice,

519 3353 663 3425 rotunda
670 3353 813 3446 ecclesia,
824 3354 923 3427 tribus
931 3357 1037 3427 cinda
1046 3354 1415 3451 parietibus,duodecim
1423 3356 1554 3426 colum·

520 3460 568 3530 nis
586 3460 786 3553 sustentatur,
804 3464 887 3534 inter
904 3464 1042 3560 parietes
1060 3459 1203 3558 fingulos
1220 3462 1324 3532 latum
1341 3460 1463 3534 habens
1483 3464 1554 3560 spa·

519 3565 601 3636 tium
614 3567 675 3659 vie,
690 3593 753 3663 que
766 3571 826 3639 tria
839 3569 951 3640 altaria
965 3570 997 3638 in
1012 3565 1111 3640 tribus
1123 3568 1205 3639 locis
1214 3571 1343 3665 parietis
1356 3567 1454 3660 medij
1472 3595 1555 3642 con·

519 3673 612 3761 tinet,
627 3673 693 3744 hoc
711 3676 765 3767 est,
783 3676 920 3766 australi,
941 3674 1120 3772 aquilonali
1137 3678 1172 3746 ἃ
1189 3674 1394 3747 occidentali.
1411 3675 1489 3748 Hec
1506 3675 1554 3749 bis

520 3800 691 3872 quaternas
709 3803 832 3877 portas,
850 3779 885 3852 id
900 3781 943 3852 est
962 3782 1111 3851 introitus
1124 3807 1181 3876 per
1194 3806 1256 3852 tres
1268 3808 1286 3852 e
1299 3784 1433 3879 regione
1444 3783 1554 3878 parie-

520 3908 566 3956 tes
582 3884 691 3976 habet,
710 3914 728 3958 e
748 3885 864 3984 quibus
884 3912 1024 3983 quatuor
1046 3886 1087 3958 ad
1100 3888 1288 3959 vulturnum
1303 3891 1338 3959 ἃ
1355 3913 1500 3985 quatuor
1511 3887 1552 3961 ad

519 4017 634 4062 eurum
664 3993 819 4088 l‘pedlant.
849 3995 953 4066 Huius
979 3995 1011 4065 in
1041 3994 1152 4066 medio
1182 4021 1398 4066 monumentum
1420 4001 1553 4068 ‘Domini

517 4096 698 4169 rotundum
714 4102 747 4172 in
762 4125 852 4196 petra
870 4102 1011 4173 excilirm
1030 4101 1083 4190 est,
1101 4103 1191 4172 cuius
1214 4100 1344 4173 culmen
1363 4102 1552 4174 intrinsecus

516 4203 600 4274 stans
624 4202 729 4275 homo
749 4233 850 4278 manu
875 4209 1066 4306 contingere
1084 4207 1201 4304 potest,
1219 4204 1260 4277 ab
1283 4208 1409 4279 oriente
1428 4205 1553 4280 habens

518 4311 700 4403 introitum,
715 4313 767 4381 cui
780 4313 861 4408 lapis
874 4312 927 4383 ille
940 4339 1080 4412 magnus
1091 4313 1255 4411 appofitus
1266 4314 1323 4384 est:
1337 4312 1428 4412 quod
1440 4315 1552 4384 intrin-
