3354 5706
503 509 569 586 166
909 532 1103 588 Arcutrus

497 749 626 820 sterium
639 753 674 821 δι
687 747 819 848 grandis
828 748 956 821 basilica
966 753 1059 849 supra
1072 751 1160 823 illam
1170 749 1320 824 edificata
1327 751 1543 850 speluncam,

497 855 539 927 de
573 882 639 952 qua
673 858 836 928 Dominus
870 856 1125 955 quatriduanum
1163 884 1331 930 mortuum
1365 859 1542 929 suscitavit

498 964 663 1035 Lazarum.

555 1174 656 1246 XXV.
685 1181 736 1246 De
754 1178 819 1248 olio
837 1182 956 1274 ecclesia
975 1183 1015 1248 od
1031 1183 1165 1250 dextram
1183 1183 1332 1251 Bethanie
1342 1207 1474 1274 purtem

929 1291 1103 1377 construslu.
1164 1339 1167 1346 .

544 1450 596 1520 De
613 1449 676 1521 alia
693 1448 870 1522 celebriore
888 1450 1019 1524 ecclefia
1040 1451 1083 1524 ad
1101 1454 1270 1525 australem
1284 1454 1439 1526 Bethanie
1455 1481 1543 1551 par·

497 1582 564 1629 tem
581 1558 614 1626 in
633 1583 674 1626 eo
693 1560 814 1628 montis
832 1559 956 1630 Oliveti
973 1558 1051 1630 loco
1067 1560 1214 1652 fundata,
1227 1563 1260 1631 in
1280 1586 1347 1655 quo
1362 1563 1542 1633 Dominus

496 1663 540 1735 acl
565 1661 741 1758 discipulos
766 1662 910 1735 habuisse
933 1666 1117 1736 sermonem
1140 1666 1272 1758 dicitur,
1293 1664 1433 1748 breviter
1462 1667 1545 1738 scri·

497 1768 644 1842 bendum
662 1768 863 1842 arbitramur.

545 1879 634 1948 Hinc
655 1876 789 1948 sollicite
809 1879 1042 1974 inquirendum
1064 1880 1119 1969 est,
1142 1880 1272 1976 qualem
1295 1880 1489 1952 sermonem
1508 1886 1545 1953 ἃ

497 2009 565 2080 quo
587 2008 737 2079 tempore
765 1986 817 2055 vel
840 1985 882 2056 ad
901 2012 981 2082 quas
1004 1986 1157 2083 speciales
1182 1986 1337 2084 personas
1354 1985 1545 2084 discipulo·

496 2117 570 2160 rum
587 2092 751 2161 Dominus
774 2089 810 2161 fit
828 2093 965 2164 locutus.
993 2095 1070 2190 Que
1093 2093 1164 2183 tria,
1190 2091 1212 2163 sr
1236 2095 1334 2164 trium
1351 2093 1544 2192 Evangelis-

496 2221 603 2267 tarum
625 2195 740 2293 scripta
763 2201 887 2294 aperire
908 2200 1118 2290 voluerimus,
1140 2199 1286 2291 Matthei,
1304 2201 1415 2289 Marci,
1433 2201 1542 2290 Luce,

496 2299 593 2372 nobis
619 2303 784 2374 manifeste
810 2303 987 2396 clarebunt,
1017 2307 1074 2400 qui
1108 2303 1149 2376 de
1183 2306 1340 2376 sermonis
1372 2306 1542 2400 qualitate

496 2409 731 2480 concinnentes
761 2410 954 2506 loquuntur3
989 2411 1031 2482 de
1063 2411 1141 2481 loco
1171 2409 1265 2509 ipfius
1299 2414 1543 2484 conventionis

495 2541 596 2586 nemo
610 2513 757 2587 dubitare
771 2519 901 2612 poterit,
920 2544 1051 2589 necnon
1067 2515 1109 2589 de
1123 2519 1272 2590 sermone
1290 2522 1325 2589 ἃ
1338 2519 1426 2606 loco,
1435 2535 1452 2562 ⁸
1480 2523 1544 2615 qui

497 2623 676 2693 Mattheum
693 2623 808 2720 legerit
825 2621 867 2694 de
881 2626 1030 2694 Domino
1049 2623 1230 2695 dicentem:
1252 2657 1269 2689 ιε
1288 2629 1312 2694 S
1313 2629 1414 2695 edente
1432 2654 1544 2697 autem

499 2761 517 2793 α
537 2757 571 2800 eo
592 2735 688 2824 super
713 2756 839 2801 montem
867 2735 994 2822 Olivett',
1016 2733 1194 2824 uccefferunt
1226 2735 1267 2802 ad
1291 2736 1544 2826 condiscipuli

499 2867 517 2899 <t
527 2841 660 2930 secreto,
686 2840 840 2908 dicentes:
866 2843 929 2907 ‘Dic
954 2843 1041 2909 nobis
1058 2842 1177 2931 quondo
1194 2844 1247 2907 hec
1269 2849 1371 2909 erunt?
1395 2845 1434 2910 Et
1450 2846 1546 2933 quod

499 2975 516 3007 α
528 2953 649 3040 fignum
666 2946 811 3014 adventus
829 2947 918 3015 tui&
936 2948 1327 3040 consummationisseculi?
1345 2977 1363 3009 u
1387 2947 1439 3016 De
1457 2972 1545 3043 per·

496 3051 583 3120 sonis
597 3049 874 3148 interrogantuml
890 3051 942 3122 hic
956 3052 1115 3122 Mattheus
1129 3054 1238 3143 tacuit,
1252 3051 1307 3124 sed
1321 3054 1447 3123 Marcus
1464 3079 1545 3125 non

497 3158 608 3246 tacuit,
627 3159 684 3252 qui
700 3159 744 3227 ita
761 3155 892 3253 scripsit,
912 3157 1043 3230 dicens:
1068 3190 1086 3222 α
1109 3163 1338 3254 Interrogobunr
1358 3189 1421 3230 eunt
1435 3163 1543 3254 sepa·

499 3295 517 3327 α
536 3272 627 3334 ratim
648 3270 757 3334 Petrus
774 3266 805 3333 6⁴
821 3269 947 3335 Iacobus
964 3267 1154 3343 &Iohannes
1172 3267 1201 3336 ἃ
1221 3270 1379 3354 osndreos,
1398 3263 1542 3362 quibus‘

495 3369 770 3469 interrogantibus
795 3369 1004 3466 respondens,
1032 3373 1224 3467 qualitatem
1251 3371 1351 3444 habiti
1370 3373 1539 3444 sermonis

496 3479 584 3548 iuxta
611 3500 674 3548 tres
701 3478 797 3574 supra
826 3503 1029 3549 memoratos
1060 3478 1272 3577 [vangelistas
1301 3477 1451 3570 ostendit,
1487 3483 1541 3552 ita

498 3582 628 3656 dicens:
657 3617 675 3647 <r
697 3588 812 3672 Videre,
834 3613 870 3654 rte
887 3592 955 3678 quis
973 3613 1025 3656 vos
1035 3589 1173 3681 seducor.
1192 3589 1303 3657 (Multi
1321 3595 1398 3657 enim
1418 3595 1546 3659 venient

501 3721 519 3754 t<
534 3698 565 3760 in
597 3699 714 3762 nomiae
740 3719 804 3762 meo
835 3695 978 3783 dicentes,
1009 3700 1080 3784 quio
1111 3720 1167 3787 ego
1185 3697 1256 3788 sum
1284 3695 1430 3784 Christus,
1449 3724 1471 3756 u
1506 3699 1545 3765 ἃ

497 3821 603 3868 cetera
620 3797 787 3894 sequentia
810 3797 852 3868 de
874 3799 1051 3869 novissimis
1070 3798 1271 3894 temporibus
1292 3803 1326 3869 ἃ
1343 3799 1439 3870 seculi
1452 3825 1545 3872 con·

497 3904 724 3994 summatione‚
745 3929 809 4000 que
826 3905 987 3976 Mattheus
1005 3905 1133 4000 prolixo
1161 3906 1308 3975 sermone
1326 3906 1545 4002 prosequitur

499 4013 598 4108 usque
623 4011 666 4082 ad
691 4038 768 4082 eum
796 4011 920 4100 locum,
949 4038 1015 4108 quo
1032 4016 1074 4092 ,ἃ
1101 4037 1230 4108 tempus
1257 4012 1350 4082 huius
1375 4019 1546 4110 proti-asti
1597 4073 1600 4079 .

498 4118 656 4189 sermonis
685 4117 852 4189 manifeste
874 4117 963 4190 idem
984 4118 1183 4217 Evangelisla
1208 4145 1247 4189 ex
1269 4117 1375 4190 verbis
1393 4121 1544 4192 Domini

534 4301 558 4337 a.
573 4287 613 4352 G.,
625 4285 660 4338 al.
670 4285 760 4352 sortita,
774 4286 862 4357 styma.
877 4285 911 4325 -'
924 4289 948 4339 b.
962 4290 999 4351 L.‚
1011 4287 1046 4340 al.
1060 4287 1276 4360 interrogantium.
1292 4317 1324 4328 -
1338 4305 1362 4340 e.
1378 4289 1407 4340 B.
1422 4287 1476 4357 qui.
