<?xml version="1.0" encoding="UTF-8"?>
<!DOCTYPE html PUBLIC "-//W3C//DTD XHTML 1.0 Transitional//EN"
    "http://www.w3.org/TR/xhtml1/DTD/xhtml1-transitional.dtd">
<html xmlns="http://www.w3.org/1999/xhtml" xml:lang="en" lang="en">
 <head>
  <title>
</title>
<meta http-equiv="Content-Type" content="text/html;charset=utf-8" />
  <meta name='ocr-system' content='tesseract 3.04.00' />
  <meta name='ocr-capabilities' content='ocr_page ocr_carea ocr_par ocr_line ocrx_word'/>
</head>
<body>
  <div class='ocr_page' id='page_1' title='image "./itinerahierosol00berngoog_0553.png"; bbox 0 0 3434 5704; ppageno 0'>
   <div class='ocr_carea' id='block_1_1' title="bbox 517 539 1084 691">
    <p class='ocr_par' dir='ltr' id='par_1_1' title="bbox 517 539 1084 691">
     <span class='ocr_line' id='line_1_1' title="bbox 517 539 1084 691; baseline 0 -77"><span class='ocrx_word' id='word_1_1' title='bbox 517 542 561 691; x_wconf 59' lang='lat' dir='ltr'>p8</span> <span class='ocrx_word' id='word_1_2' title='bbox 976 539 1084 637; x_wconf 79' lang='lat'><em>(326)</em></span> 
     </span>
    </p>
   </div>
   <div class='ocr_carea' id='block_1_2' title="bbox 513 775 1549 2447">
    <p class='ocr_par' dir='ltr' id='par_1_2' title="bbox 513 775 1548 1569">
     <span class='ocr_line' id='line_1_2' title="bbox 514 775 1547 859; baseline 0 -19"><span class='ocrx_word' id='word_1_3' title='bbox 514 797 599 840; x_wconf 88' lang='lat' dir='ltr'>mum</span> <span class='ocrx_word' id='word_1_4' title='bbox 625 776 791 840; x_wconf 87' lang='lat' dir='ltr'>institerant</span> <span class='ocrx_word' id='word_1_5' title='bbox 816 777 919 839; x_wconf 90' lang='lat' dir='ltr'>divina</span> <span class='ocrx_word' id='word_1_6' title='bbox 936 776 1068 859; x_wconf 86' lang='lat' dir='ltr'>vestigia,</span> <span class='ocrx_word' id='word_1_7' title='bbox 1092 798 1164 840; x_wconf 86' lang='lat' dir='ltr'>cum</span> <span class='ocrx_word' id='word_1_8' title='bbox 1189 777 1220 839; x_wconf 92' lang='lat' dir='ltr'>in</span> <span class='ocrx_word' id='word_1_9' title='bbox 1243 776 1361 840; x_wconf 86' lang='lat' dir='ltr'>coelum</span> <span class='ocrx_word' id='word_1_10' title='bbox 1389 775 1547 840; x_wconf 83' lang='lat' dir='ltr'><strong>Dominus</strong></span> 
     </span>
     <span class='ocr_line' id='line_1_3' title="bbox 513 864 1546 949; baseline -0.002 -21"><span class='ocrx_word' id='word_1_11' title='bbox 513 866 595 928; x_wconf 90' lang='lat' dir='ltr'>nube</span> <span class='ocrx_word' id='word_1_12' title='bbox 602 864 732 928; x_wconf 86' lang='lat' dir='ltr'>sublatus</span> <span class='ocrx_word' id='word_1_13' title='bbox 744 865 796 944; x_wconf 82' lang='lat' dir='ltr'>est,</span> <span class='ocrx_word' id='word_1_14' title='bbox 807 866 980 928; x_wconf 90' lang='lat' dir='ltr'>continuari</span> <span class='ocrx_word' id='word_1_15' title='bbox 989 867 1166 949; x_wconf 87' lang='lat' dir='ltr'>pavimento</span> <span class='ocrx_word' id='word_1_16' title='bbox 1173 887 1245 927; x_wconf 88' lang='lat' dir='ltr'>curn</span> <span class='ocrx_word' id='word_1_17' title='bbox 1257 865 1376 948; x_wconf 90' lang='lat' dir='ltr'>reliqua</span> <span class='ocrx_word' id='word_1_18' title='bbox 1386 865 1546 928; x_wconf 88' lang='lat' dir='ltr'>stratorum</span> 
     </span>
     <span class='ocr_line' id='line_1_4' title="bbox 515 953 1547 1038; baseline 0 -22"><span class='ocrx_word' id='word_1_19' title='bbox 515 953 1547 1038; x_wconf 71' lang='lat' dir='ltr'>partenonpotuit:siquidemquacumqueapplicabantur,insolens</span> 
     </span>
     <span class='ocr_line' id='line_1_5' title="bbox 514 1041 1547 1126; baseline -0.004 -21"><span class='ocrx_word' id='word_1_20' title='bbox 514 1043 647 1105; x_wconf 89' lang='lat' dir='ltr'>humana</span> <span class='ocrx_word' id='word_1_21' title='bbox 661 1041 805 1124; x_wconf 87' lang='lat' dir='ltr'>suscipere</span> <span class='ocrx_word' id='word_1_22' title='bbox 817 1058 896 1105; x_wconf 86' lang='lat' dir='ltr'>terra</span> <span class='ocrx_word' id='word_1_23' title='bbox 906 1041 1068 1126; x_wconf 81' lang='lat' dir='ltr'>respueret,</span> <span class='ocrx_word' id='word_1_24' title='bbox 1078 1043 1205 1106; x_wconf 87' lang='lat' dir='ltr'>excollis</span> <span class='ocrx_word' id='word_1_25' title='bbox 1216 1046 1246 1105; x_wconf 89' lang='lat' dir='ltr'>in</span> <span class='ocrx_word' id='word_1_26' title='bbox 1259 1063 1312 1106; x_wconf 92' lang='lat' dir='ltr'>ora</span> <span class='ocrx_word' id='word_1_27' title='bbox 1324 1041 1547 1125; x_wconf 82' lang='lat' dir='ltr'>apponentium</span> 
     </span>
     <span class='ocr_line' id='line_1_6' title="bbox 514 1127 1546 1217; baseline 0 -27"><span class='ocrx_word' id='word_1_28' title='bbox 514 1127 590 1211; x_wconf 77' lang='lat' dir='ltr'>sape</span> <span class='ocrx_word' id='word_1_29' title='bbox 617 1129 945 1217; x_wconf 76' lang='lat' dir='ltr'>marmoribus.·Quin</span> <span class='ocrx_word' id='word_1_30' title='bbox 968 1132 1060 1194; x_wconf 89' lang='lat' dir='ltr'>etiam</span> <span class='ocrx_word' id='word_1_31' title='bbox 1083 1129 1189 1194; x_wconf 85' lang='lat' dir='ltr'>calcati</span> <span class='ocrx_word' id='word_1_32' title='bbox 1217 1130 1290 1194; x_wconf 89' lang='lat' dir='ltr'>Deo</span> <span class='ocrx_word' id='word_1_33' title='bbox 1312 1129 1449 1214; x_wconf 87' lang='lat' dir='ltr'>pulveris</span> <span class='ocrx_word' id='word_1_34' title='bbox 1471 1129 1546 1190; x_wconf 85' lang='lat' dir='ltr'>adeo</span> 
     </span>
     <span class='ocr_line' id='line_1_7' title="bbox 516 1216 1548 1303; baseline -0.001 -23"><span class='ocrx_word' id='word_1_35' title='bbox 516 1237 649 1299; x_wconf 86' lang='lat' dir='ltr'>perenne</span> <span class='ocrx_word' id='word_1_36' title='bbox 673 1219 895 1282; x_wconf 85' lang='lat' dir='ltr'>documentum</span> <span class='ocrx_word' id='word_1_37' title='bbox 915 1218 967 1298; x_wconf 83' lang='lat' dir='ltr'>est,</span> <span class='ocrx_word' id='word_1_38' title='bbox 995 1235 1029 1282; x_wconf 89' lang='lat' dir='ltr'>ut</span> <span class='ocrx_word' id='word_1_39' title='bbox 1055 1218 1180 1302; x_wconf 86' lang='lat' dir='ltr'>vestigia</span> <span class='ocrx_word' id='word_1_40' title='bbox 1207 1216 1348 1303; x_wconf 82' lang='lat' dir='ltr'>impressa</span> <span class='ocrx_word' id='word_1_41' title='bbox 1374 1233 1548 1296; x_wconf 88' lang='lat' dir='ltr'>cernantur,</span> 
     </span>
     <span class='ocr_line' id='line_1_8' title="bbox 515 1305 1548 1388; baseline 0.001 -20"><span class='ocrx_word' id='word_1_42' title='bbox 515 1305 544 1368; x_wconf 75' lang='lat' dir='ltr'>dt</span> <span class='ocrx_word' id='word_1_43' title='bbox 558 1325 630 1368; x_wconf 86' lang='lat' dir='ltr'>eum</span> <span class='ocrx_word' id='word_1_44' title='bbox 645 1307 784 1388; x_wconf 89' lang='lat' dir='ltr'>quotidie</span> <span class='ocrx_word' id='word_1_45' title='bbox 798 1307 1020 1370; x_wconf 83' lang='lat' dir='ltr'>confluentium</span> <span class='ocrx_word' id='word_1_46' title='bbox 1032 1306 1107 1370; x_wconf 87' lang='lat' dir='ltr'>fides</span> <span class='ocrx_word' id='word_1_47' title='bbox 1122 1309 1263 1370; x_wconf 83' lang='lat' dir='ltr'>certatim</span> <span class='ocrx_word' id='word_1_48' title='bbox 1278 1306 1422 1369; x_wconf 90' lang='lat' dir='ltr'>Domino</span> <span class='ocrx_word' id='word_1_49' title='bbox 1433 1305 1548 1369; x_wconf 87' lang='lat' dir='ltr'>calcata</span> 
     </span>
     <span class='ocr_line' id='line_1_9' title="bbox 515 1393 1548 1477; baseline 0 -21"><span class='ocrx_word' id='word_1_50' title='bbox 515 1393 648 1477; x_wconf 87' lang='lat' dir='ltr'>diripiat,</span> <span class='ocrx_word' id='word_1_51' title='bbox 662 1394 808 1458; x_wconf 87' lang='lat' dir='ltr'>damnum</span> <span class='ocrx_word' id='word_1_52' title='bbox 823 1411 924 1458; x_wconf 89' lang='lat' dir='ltr'>tamen</span> <span class='ocrx_word' id='word_1_53' title='bbox 939 1417 1029 1458; x_wconf 87' lang='lat' dir='ltr'>arena</span> <span class='ocrx_word' id='word_1_54' title='bbox 1046 1417 1110 1458; x_wconf 91' lang='lat' dir='ltr'>non</span> <span class='ocrx_word' id='word_1_55' title='bbox 1130 1395 1251 1473; x_wconf 88' lang='lat' dir='ltr'>sentiat;</span> <span class='ocrx_word' id='word_1_56' title='bbox 1271 1395 1303 1459; x_wconf 74' lang='lat' dir='ltr'>bt</span> <span class='ocrx_word' id='word_1_57' title='bbox 1321 1395 1430 1458; x_wconf 89' lang='lat' dir='ltr'>eadem</span> <span class='ocrx_word' id='word_1_58' title='bbox 1447 1396 1548 1458; x_wconf 88' lang='lat' dir='ltr'>adbuc</span> 
     </span>
     <span class='ocr_line' id='line_1_10' title="bbox 514 1480 1498 1569; baseline 0.002 -24"><span class='ocrx_word' id='word_1_59' title='bbox 514 1482 557 1545; x_wconf 90' lang='lat' dir='ltr'>sui</span> <span class='ocrx_word' id='word_1_60' title='bbox 571 1480 712 1564; x_wconf 87' lang='lat' dir='ltr'>speciem,</span> <span class='ocrx_word' id='word_1_61' title='bbox 726 1483 810 1546; x_wconf 86' lang='lat' dir='ltr'>velut</span> <span class='ocrx_word' id='word_1_62' title='bbox 825 1484 969 1567; x_wconf 86' lang='lat' dir='ltr'>impteffis</span> <span class='ocrx_word' id='word_1_63' title='bbox 983 1483 1095 1568; x_wconf 76' lang='lat' dir='ltr'>signata</span> <span class='ocrx_word' id='word_1_64' title='bbox 1108 1484 1249 1569; x_wconf 85' lang='lat' dir='ltr'>vestigiis,</span> <span class='ocrx_word' id='word_1_65' title='bbox 1263 1501 1344 1548; x_wconf 87' lang='lat' dir='ltr'>terra</span> <span class='ocrx_word' id='word_1_66' title='bbox 1358 1483 1498 1547; x_wconf 85' lang='lat' dir='ltr'>custodit.</span> 
     </span>
    </p>

    <p class='ocr_par' dir='ltr' id='par_1_3' title="bbox 514 1567 1549 2447">
     <span class='ocr_line' id='line_1_11' title="bbox 555 1567 1548 1656; baseline 0.002 -22"><span class='ocrx_word' id='word_1_67' title='bbox 555 1567 699 1634; x_wconf 89' lang='lat' dir='ltr'>Eiusdem</span> <span class='ocrx_word' id='word_1_68' title='bbox 713 1572 825 1654; x_wconf 80' lang='lat' dir='ltr'>reginae</span> <span class='ocrx_word' id='word_1_69' title='bbox 838 1571 987 1635; x_wconf 82' lang='lat' dir='ltr'>beneficio</span> <span class='ocrx_word' id='word_1_70' title='bbox 1002 1594 1078 1636; x_wconf 84' lang='lat' dir='ltr'>crux</span> <span class='ocrx_word' id='word_1_71' title='bbox 1093 1571 1224 1635; x_wconf 91' lang='lat' dir='ltr'>Domini</span> <span class='ocrx_word' id='word_1_72' title='bbox 1246 1589 1315 1636; x_wconf 92' lang='lat' dir='ltr'>tum</span> <span class='ocrx_word' id='word_1_73' title='bbox 1332 1589 1458 1654; x_wconf 84' lang='lat' dir='ltr'>reperta,</span> <span class='ocrx_word' id='word_1_74' title='bbox 1480 1595 1548 1656; x_wconf 70' lang='grc' dir='ltr'>φιτ</span> 
     </span>
     <span class='ocr_line' id='line_1_12' title="bbox 514 1659 1548 1744; baseline 0.002 -22"><span class='ocrx_word' id='word_1_75' title='bbox 514 1681 616 1742; x_wconf 89' lang='lat' dir='ltr'>neque</span> <span class='ocrx_word' id='word_1_76' title='bbox 633 1660 665 1722; x_wconf 89' lang='lat' dir='ltr'>in</span> <span class='ocrx_word' id='word_1_77' title='bbox 681 1660 833 1742; x_wconf 91' lang='lat' dir='ltr'>principio</span> <span class='ocrx_word' id='word_1_78' title='bbox 847 1660 1057 1724; x_wconf 78' lang='lat' dir='ltr'>obsistentibus</span> <span class='ocrx_word' id='word_1_79' title='bbox 1078 1659 1190 1726; x_wconf 82' lang='lat' dir='ltr'>ludaeis</span> <span class='ocrx_word' id='word_1_80' title='bbox 1213 1677 1353 1744; x_wconf 84' lang='lat' dir='ltr'>potuerat</span> <span class='ocrx_word' id='word_1_81' title='bbox 1370 1660 1548 1741; x_wconf 85' lang='lat' dir='ltr'>consecrari,</span> 
     </span>
     <span class='ocr_line' id='line_1_13' title="bbox 516 1745 1547 1832; baseline 0.003 -22"><span class='ocrx_word' id='word_1_82' title='bbox 516 1748 546 1811; x_wconf 77' lang='grc' dir='ltr'>δι</span> <span class='ocrx_word' id='word_1_83' title='bbox 572 1745 674 1830; x_wconf 89' lang='lat' dir='ltr'>postea</span> <span class='ocrx_word' id='word_1_84' title='bbox 699 1750 807 1812; x_wconf 85' lang='lat' dir='ltr'>dirutae</span> <span class='ocrx_word' id='word_1_85' title='bbox 828 1750 959 1813; x_wconf 89' lang='lat' dir='ltr'>civitatis</span> <span class='ocrx_word' id='word_1_86' title='bbox 984 1748 1124 1832; x_wconf 87' lang='lat' dir='ltr'>oppressa</span> <span class='ocrx_word' id='word_1_87' title='bbox 1147 1751 1315 1829; x_wconf 86' lang='lat' dir='ltr'>ruderibus,</span> <span class='ocrx_word' id='word_1_88' title='bbox 1344 1750 1461 1812; x_wconf 77' lang='lat' dir='ltr'>nonnisi</span> <span class='ocrx_word' id='word_1_89' title='bbox 1486 1767 1547 1813; x_wconf 88' lang='lat' dir='ltr'>tam</span> 
     </span>
     <span class='ocr_line' id='line_1_14' title="bbox 515 1834 1546 1920; baseline 0.002 -22"><span class='ocrx_word' id='word_1_90' title='bbox 515 1834 645 1898; x_wconf 87' lang='lat' dir='ltr'>fideliter</span> <span class='ocrx_word' id='word_1_91' title='bbox 659 1836 824 1920; x_wconf 89' lang='lat' dir='ltr'>requirenti</span> <span class='ocrx_word' id='word_1_92' title='bbox 839 1838 952 1899; x_wconf 89' lang='lat' dir='ltr'>meruit</span> <span class='ocrx_word' id='word_1_93' title='bbox 967 1836 1093 1900; x_wconf 85' lang='lat' dir='ltr'>ostendi.</span> <span class='ocrx_word' id='word_1_94' title='bbox 1108 1835 1208 1920; x_wconf 87' lang='lat' dir='ltr'>Igitur</span> <span class='ocrx_word' id='word_1_95' title='bbox 1227 1837 1347 1900; x_wconf 89' lang='lat' dir='ltr'>Helena</span> <span class='ocrx_word' id='word_1_96' title='bbox 1362 1839 1495 1920; x_wconf 84' lang='lat' dir='ltr'>primunr</span> <span class='ocrx_word' id='word_1_97' title='bbox 1509 1839 1546 1900; x_wconf 92' lang='lat' dir='ltr'>de</span> 
     </span>
     <span class='ocr_line' id='line_1_15' title="bbox 515 1921 1548 2007; baseline 0 -21"><span class='ocrx_word' id='word_1_98' title='bbox 515 1921 586 1986; x_wconf 93' lang='lat' dir='ltr'>loco</span> <span class='ocrx_word' id='word_1_99' title='bbox 602 1923 740 2007; x_wconf 87' lang='lat' dir='ltr'>passionis</span> <span class='ocrx_word' id='word_1_100' title='bbox 754 1925 868 1986; x_wconf 87' lang='lat' dir='ltr'>certior</span> <span class='ocrx_word' id='word_1_101' title='bbox 883 1923 971 2003; x_wconf 69' lang='lat' dir='ltr'>fasta,</span> <span class='ocrx_word' id='word_1_102' title='bbox 985 1925 1110 1988; x_wconf 90' lang='lat' dir='ltr'>admota</span> <span class='ocrx_word' id='word_1_103' title='bbox 1124 1924 1248 1987; x_wconf 91' lang='lat' dir='ltr'>militari</span> <span class='ocrx_word' id='word_1_104' title='bbox 1264 1947 1367 2004; x_wconf 86' lang='lat' dir='ltr'>manu,</span> <span class='ocrx_word' id='word_1_105' title='bbox 1376 1942 1470 2007; x_wconf 87' lang='lat' dir='ltr'>atque</span> <span class='ocrx_word' id='word_1_106' title='bbox 1480 1947 1548 1986; x_wconf 87' lang='lat' dir='ltr'>om-</span> 
     </span>
     <span class='ocr_line' id='line_1_16' title="bbox 515 2011 1548 2164; baseline 0.002 -90"><span class='ocrx_word' id='word_1_107' title='bbox 515 2011 608 2162; x_wconf 53' lang='grc' dir='ltr'>ιιὲφιφι</span> <span class='ocrx_word' id='word_1_108' title='bbox 617 2011 851 2163; x_wconf 53' lang='grc' dir='ltr'>ριονίιιείιιδίἐιιιιι</span> <span class='ocrx_word' id='word_1_109' title='bbox 866 2012 1063 2114; x_wconf 86' lang='lat' dir='ltr'>multitudine</span> <span class='ocrx_word' id='word_1_110' title='bbox 1079 2014 1110 2074; x_wconf 92' lang='lat' dir='ltr'>in</span> <span class='ocrx_word' id='word_1_111' title='bbox 1122 2012 1220 2076; x_wconf 86' lang='lat' dir='ltr'>studia</span> <span class='ocrx_word' id='word_1_112' title='bbox 1229 2014 1343 2164; x_wconf 50' lang='lat' dir='ltr'>{Rilfinae</span> <span class='ocrx_word' id='word_1_113' title='bbox 1355 2015 1548 2114; x_wconf 76' lang='lat' dir='ltr'>certantium,</span> 
     </span>
     <span class='ocr_line' id='line_1_17' title="bbox 516 2115 1548 2164; baseline 0.002 -2"><span class='ocrx_word' id='word_1_114' title='bbox 516 2121 534 2162; x_wconf 87' lang='lat' dir='ltr'>e</span> <span class='ocrx_word' id='word_1_115' title='bbox 558 2122 577 2161; x_wconf 96' lang='lat' dir='ltr'>o</span> <span class='ocrx_word' id='word_1_116' title='bbox 600 2121 609 2162; x_wconf 96' lang='grc' dir='ltr'>ι</span> <span class='ocrx_word' id='word_1_117' title='bbox 634 2115 743 2162; x_wconf 89' lang='lat' dir='ltr'>terram</span> <span class='ocrx_word' id='word_1_118' title='bbox 821 2117 905 2163; x_wconf 85' lang='lat' dir='ltr'>contr</span> <span class='ocrx_word' id='word_1_119' title='bbox 929 2122 968 2163; x_wconf 88' lang='lat' dir='ltr'>ua</span> <span class='ocrx_word' id='word_1_120' title='bbox 1081 2122 1120 2162; x_wconf 91' lang='lat' dir='ltr'>ue</span> <span class='ocrx_word' id='word_1_121' title='bbox 1152 2122 1188 2162; x_wconf 88' lang='lat' dir='ltr'>ac</span> <span class='ocrx_word' id='word_1_122' title='bbox 1210 2123 1228 2162; x_wconf 91' lang='lat' dir='ltr'>v</span> <span class='ocrx_word' id='word_1_123' title='bbox 1317 2121 1367 2162; x_wconf 89' lang='lat' dir='ltr'>ma</span> <span class='ocrx_word' id='word_1_124' title='bbox 1393 2123 1548 2164; x_wconf 87' lang='lat' dir='ltr'>mrnamm</span> 
     </span>
     <span class='ocr_line' id='line_1_18' title="bbox 516 2123 1549 2273; baseline 0.003 -24"><span class='ocrx_word' id='word_1_125' title='bbox 516 2188 638 2271; x_wconf 83' lang='lat' dir='ltr'>purgari</span> <span class='ocrx_word' id='word_1_126' title='bbox 654 2189 754 2252; x_wconf 87' lang='lat' dir='ltr'>iubet:</span> <span class='ocrx_word' id='word_1_127' title='bbox 770 2209 843 2252; x_wconf 89' lang='lat' dir='ltr'>mox</span> <span class='ocrx_word' id='word_1_128' title='bbox 858 2123 1124 2273; x_wconf 59' lang='lat' dir='ltr'>preiiumqlidei&amp;</span> <span class='ocrx_word' id='word_1_129' title='bbox 1146 2189 1258 2253; x_wconf 88' lang='lat' dir='ltr'>laboris</span> <span class='ocrx_word' id='word_1_130' title='bbox 1273 2206 1332 2252; x_wconf 88' lang='lat' dir='ltr'>tres</span> <span class='ocrx_word' id='word_1_131' title='bbox 1354 2191 1464 2273; x_wconf 85' lang='lat' dir='ltr'>pariter</span> <span class='ocrx_word' id='word_1_132' title='bbox 1480 2209 1549 2252; x_wconf 88' lang='lat' dir='ltr'>cru-</span> 
     </span>
     <span class='ocr_line' id='line_1_19' title="bbox 515 2273 1549 2358; baseline 0.003 -20"><span class='ocrx_word' id='word_1_133' title='bbox 515 2297 577 2355; x_wconf 87' lang='lat' dir='ltr'>ces,</span> <span class='ocrx_word' id='word_1_134' title='bbox 595 2273 671 2340; x_wconf 77' lang='lat' dir='ltr'>sicut</span> <span class='ocrx_word' id='word_1_135' title='bbox 691 2276 766 2341; x_wconf 91' lang='lat' dir='ltr'>olim</span> <span class='ocrx_word' id='word_1_136' title='bbox 789 2278 931 2342; x_wconf 87' lang='lat' dir='ltr'>Domino</span> <span class='ocrx_word' id='word_1_137' title='bbox 950 2299 985 2341; x_wconf 90' lang='lat' dir='ltr'>ac</span> <span class='ocrx_word' id='word_1_138' title='bbox 1004 2277 1172 2342; x_wconf 84' lang='lat' dir='ltr'>latronibus</span> <span class='ocrx_word' id='word_1_139' title='bbox 1192 2276 1313 2340; x_wconf 92' lang='lat' dir='ltr'>duobus</span> <span class='ocrx_word' id='word_1_140' title='bbox 1333 2277 1400 2340; x_wconf 78' lang='lat' dir='ltr'>fixae</span> <span class='ocrx_word' id='word_1_141' title='bbox 1421 2278 1549 2358; x_wconf 71' lang='lat' dir='ltr'>sueram,</span> 
     </span>
     <span class='ocr_line' id='line_1_20' title="bbox 516 2382 768 2447; baseline -0.016 -19"><span class='ocrx_word' id='word_1_142' title='bbox 516 2382 738 2447; x_wconf 82' lang='lat' dir='ltr'>reperiuntur...</span> <span class='ocrx_word' id='word_1_143' title='bbox 756 2391 768 2424; x_wconf 75' lang='grc' dir='ltr'>ι</span> 
     </span>
    </p>
   </div>
   <div class='ocr_carea' id='block_1_3' title="bbox 517 2499 1551 2647">
    <p class='ocr_par' dir='ltr' id='par_1_4' title="bbox 517 2499 1551 2647">
     <span class='ocr_line' id='line_1_21' title="bbox 517 2499 1551 2646; baseline 0.002 -94"><span class='ocrx_word' id='word_1_144' title='bbox 517 2581 568 2632; x_wconf 69' lang='lat' dir='ltr'>xx</span> <span class='ocrx_word' id='word_1_145' title='bbox 588 2499 719 2646; x_wconf 52' lang='lat' dir='ltr'>[Sulpicjuls</span> <span class='ocrx_word' id='word_1_146' title='bbox 728 2503 842 2565; x_wconf 82' lang='lat' dir='ltr'>Severus,</span> <span class='ocrx_word' id='word_1_147' title='bbox 851 2501 1055 2570; x_wconf 73' lang='lat' dir='ltr'>fflfhriasacra,</span> <span class='ocrx_word' id='word_1_148' title='bbox 1071 2502 1087 2554; x_wconf 93' lang='lat' dir='ltr'>l.</span> <span class='ocrx_word' id='word_1_149' title='bbox 1100 2503 1133 2570; x_wconf 85' lang='lat'>11,</span> <span class='ocrx_word' id='word_1_150' title='bbox 1145 2519 1167 2555; x_wconf 86' lang='lat' dir='ltr'>t.</span> <span class='ocrx_word' id='word_1_151' title='bbox 1183 2517 1270 2568; x_wconf 51' lang='lat'>3354„</span> <span class='ocrx_word' id='word_1_152' title='bbox 1285 2501 1400 2571; x_wconf 76' lang='lat' dir='ltr'>(Migne,</span> <span class='ocrx_word' id='word_1_153' title='bbox 1414 2503 1485 2554; x_wconf 81' lang='lat' dir='ltr'>Patr.</span> <span class='ocrx_word' id='word_1_154' title='bbox 1496 2499 1551 2566; x_wconf 73' lang='lat' dir='ltr'>lae..</span> 
     </span>
     <span class='ocr_line' id='line_1_22' title="bbox 568 2585 700 2647; baseline 0 -15"><span class='ocrx_word' id='word_1_155' title='bbox 568 2596 613 2647; x_wconf 88' lang='lat' dir='ltr'>,c.</span> <span class='ocrx_word' id='word_1_156' title='bbox 631 2585 679 2645; x_wconf 82' lang='lat'>148</span> <span class='ocrx_word' id='word_1_157' title='bbox 695 2621 700 2632; x_wconf 93' lang='lat'>.</span> 
     </span>
    </p>
   </div>
   <div class='ocr_carea' id='block_1_4' title="bbox 518 2714 1553 4392">
    <p class='ocr_par' dir='ltr' id='par_1_5' title="bbox 518 2714 1553 4392">
     <span class='ocr_line' id='line_1_23' title="bbox 559 2714 1552 2802; baseline 0.004 -28"><span class='ocrx_word' id='word_1_158' title='bbox 559 2742 571 2774; x_wconf 78' lang='grc' dir='ltr'>ι</span> <span class='ocrx_word' id='word_1_159' title='bbox 586 2714 866 2780; x_wconf 85' lang='lat' dir='ltr'>Mansrthocseculi</span> <span class='ocrx_word' id='word_1_160' title='bbox 879 2718 987 2800; x_wconf 87' lang='lat' dir='ltr'>prioris</span> <span class='ocrx_word' id='word_1_161' title='bbox 998 2718 1083 2782; x_wconf 83' lang='lat' dir='ltr'>nefas</span> <span class='ocrx_word' id='word_1_162' title='bbox 1095 2720 1125 2782; x_wconf 93' lang='lat' dir='ltr'>in</span> <span class='ocrx_word' id='word_1_163' title='bbox 1138 2733 1280 2802; x_wconf 88' lang='lat' dir='ltr'>tempora</span> <span class='ocrx_word' id='word_1_164' title='bbox 1290 2718 1398 2782; x_wconf 87' lang='lat' dir='ltr'>nostris</span> <span class='ocrx_word' id='word_1_165' title='bbox 1411 2717 1552 2800; x_wconf 87' lang='lat' dir='ltr'>proxima</span> 
     </span>
     <span class='ocr_line' id='line_1_24' title="bbox 519 2804 1549 2890; baseline -0.004 -20"><span class='ocrx_word' id='word_1_166' title='bbox 519 2804 711 2871; x_wconf 88' lang='lat' dir='ltr'>Constantini</span> <span class='ocrx_word' id='word_1_167' title='bbox 718 2831 728 2882; x_wconf 88' lang='lat'>;</span> <span class='ocrx_word' id='word_1_168' title='bbox 752 2805 805 2887; x_wconf 93' lang='lat' dir='ltr'>qui</span> <span class='ocrx_word' id='word_1_169' title='bbox 827 2806 969 2888; x_wconf 88' lang='lat' dir='ltr'>princeps</span> <span class='ocrx_word' id='word_1_170' title='bbox 993 2804 1053 2869; x_wconf 88' lang='lat' dir='ltr'>ell&#39;e</span> <span class='ocrx_word' id='word_1_171' title='bbox 1074 2808 1265 2890; x_wconf 90' lang='lat' dir='ltr'>principibus</span> <span class='ocrx_word' id='word_1_172' title='bbox 1286 2807 1465 2873; x_wconf 86' lang='lat' dir='ltr'>Christianis</span> <span class='ocrx_word' id='word_1_173' title='bbox 1487 2827 1549 2866; x_wconf 93' lang='lat' dir='ltr'>non</span> 
     </span>
     <span class='ocr_line' id='line_1_25' title="bbox 518 2892 1552 2980; baseline 0 -24"><span class='ocrx_word' id='word_1_174' title='bbox 518 2895 614 2976; x_wconf 86' lang='lat' dir='ltr'>magis</span> <span class='ocrx_word' id='word_1_175' title='bbox 627 2892 677 2955; x_wconf 91' lang='lat' dir='ltr'>sua</span> <span class='ocrx_word' id='word_1_176' title='bbox 693 2913 786 2975; x_wconf 90' lang='lat' dir='ltr'>quam</span> <span class='ocrx_word' id='word_1_177' title='bbox 804 2896 909 2958; x_wconf 89' lang='lat' dir='ltr'>matris</span> <span class='ocrx_word' id='word_1_178' title='bbox 925 2893 1055 2957; x_wconf 86' lang='lat' dir='ltr'>Helenae</span> <span class='ocrx_word' id='word_1_179' title='bbox 1068 2893 1129 2957; x_wconf 86' lang='lat' dir='ltr'>fide</span> <span class='ocrx_word' id='word_1_180' title='bbox 1144 2898 1274 2960; x_wconf 89' lang='lat' dir='ltr'>meruit:</span> <span class='ocrx_word' id='word_1_181' title='bbox 1297 2918 1367 2980; x_wconf 72' lang='lat' dir='ltr'>quar</span> <span class='ocrx_word' id='word_1_182' title='bbox 1381 2896 1498 2972; x_wconf 84' lang='lat' dir='ltr'>divino,</span> <span class='ocrx_word' id='word_1_183' title='bbox 1518 2909 1552 2956; x_wconf 92' lang='lat' dir='ltr'>ut</span> 
     </span>
     <span class='ocr_line' id='line_1_26' title="bbox 518 2981 1551 3074; baseline -0.001 -30"><span class='ocrx_word' id='word_1_184' title='bbox 518 2984 617 3046; x_wconf 88' lang='lat' dir='ltr'>exitus</span> <span class='ocrx_word' id='word_1_185' title='bbox 641 2983 757 3060; x_wconf 89' lang='lat' dir='ltr'>docuit,</span> <span class='ocrx_word' id='word_1_186' title='bbox 778 2983 921 3064; x_wconf 81' lang='lat' dir='ltr'>inspirato</span> <span class='ocrx_word' id='word_1_187' title='bbox 945 2983 1082 3061; x_wconf 80' lang='lat' dir='ltr'>consiliu,</span> <span class='ocrx_word' id='word_1_188' title='bbox 1103 3005 1174 3046; x_wconf 90' lang='lat' dir='ltr'>cum</span> <span class='ocrx_word' id='word_1_189' title='bbox 1196 2984 1420 3074; x_wconf 81' lang='lat' dir='ltr'>Hierosolymam</span> <span class='ocrx_word' id='word_1_190' title='bbox 1442 2981 1551 3066; x_wconf 86' lang='lat' dir='ltr'>agnos-</span> 
     </span>
     <span class='ocr_line' id='line_1_27' title="bbox 518 3071 1552 3156; baseline -0.001 -22"><span class='ocrx_word' id='word_1_191' title='bbox 518 3087 602 3134; x_wconf 86' lang='lat' dir='ltr'>ceret</span> <span class='ocrx_word' id='word_1_192' title='bbox 612 3071 748 3147; x_wconf 89' lang='lat' dir='ltr'>nomine,</span> <span class='ocrx_word' id='word_1_193' title='bbox 761 3092 830 3152; x_wconf 81' lang='lat' dir='ltr'>quae</span> <span class='ocrx_word' id='word_1_194' title='bbox 842 3071 979 3153; x_wconf 86' lang='lat' dir='ltr'>Augusta</span> <span class='ocrx_word' id='word_1_195' title='bbox 988 3093 1060 3134; x_wconf 91' lang='lat' dir='ltr'>cum</span> <span class='ocrx_word' id='word_1_196' title='bbox 1071 3071 1135 3134; x_wconf 88' lang='lat' dir='ltr'>lilio</span> <span class='ocrx_word' id='word_1_197' title='bbox 1147 3073 1364 3156; x_wconf 86' lang='lat' dir='ltr'>conregnabat,</span> <span class='ocrx_word' id='word_1_198' title='bbox 1378 3092 1450 3134; x_wconf 86' lang='lat' dir='ltr'>eum</span> <span class='ocrx_word' id='word_1_199' title='bbox 1462 3091 1552 3155; x_wconf 82' lang='lat' dir='ltr'>roga-</span> 
     </span>
     <span class='ocr_line' id='line_1_28' title="bbox 518 3156 1552 3224; baseline 0.003 -5"><span class='ocrx_word' id='word_1_200' title='bbox 518 3159 563 3221; x_wconf 88' lang='lat' dir='ltr'>vit</span> <span class='ocrx_word' id='word_1_201' title='bbox 587 3173 621 3220; x_wconf 90' lang='lat' dir='ltr'>ut</span> <span class='ocrx_word' id='word_1_202' title='bbox 643 3156 694 3220; x_wconf 87' lang='lat' dir='ltr'>srbi</span> <span class='ocrx_word' id='word_1_203' title='bbox 720 3157 894 3220; x_wconf 79' lang='lat' dir='ltr'>facultatem</span> <span class='ocrx_word' id='word_1_204' title='bbox 924 3158 1010 3222; x_wconf 90' lang='lat' dir='ltr'>daret</span> <span class='ocrx_word' id='word_1_205' title='bbox 1040 3159 1152 3222; x_wconf 76' lang='lat' dir='ltr'>cundla</span> <span class='ocrx_word' id='word_1_206' title='bbox 1180 3159 1245 3223; x_wconf 92' lang='lat' dir='ltr'>illic</span> <span class='ocrx_word' id='word_1_207' title='bbox 1276 3161 1346 3224; x_wconf 90' lang='lat' dir='ltr'>loca</span> <span class='ocrx_word' id='word_1_208' title='bbox 1374 3159 1552 3222; x_wconf 78' lang='lat' dir='ltr'>Dominicis</span> 
     </span>
     <span class='ocr_line' id='line_1_29' title="bbox 519 3242 1553 3331; baseline 0.002 -23"><span class='ocrx_word' id='word_1_209' title='bbox 519 3242 659 3328; x_wconf 85' lang='lat' dir='ltr'>impressa</span> <span class='ocrx_word' id='word_1_210' title='bbox 682 3245 812 3329; x_wconf 85' lang='lat' dir='ltr'>vestigiis</span> <span class='ocrx_word' id='word_1_211' title='bbox 845 3247 875 3309; x_wconf 80' lang='grc' dir='ltr'>δι</span> <span class='ocrx_word' id='word_1_212' title='bbox 899 3246 1073 3309; x_wconf 89' lang='lat' dir='ltr'>divinorum</span> <span class='ocrx_word' id='word_1_213' title='bbox 1099 3268 1169 3330; x_wconf 85' lang='lat' dir='ltr'>erga</span> <span class='ocrx_word' id='word_1_214' title='bbox 1199 3270 1257 3312; x_wconf 91' lang='lat' dir='ltr'>nos</span> <span class='ocrx_word' id='word_1_215' title='bbox 1287 3269 1415 3331; x_wconf 86' lang='lat' dir='ltr'>operum</span> <span class='ocrx_word' id='word_1_216' title='bbox 1440 3244 1553 3330; x_wconf 82' lang='lat' dir='ltr'>srgrtata</span> 
     </span>
     <span class='ocr_line' id='line_1_30' title="bbox 520 3335 1550 3418; baseline 0.003 -23"><span class='ocrx_word' id='word_1_217' title='bbox 520 3335 717 3397; x_wconf 89' lang='lat' dir='ltr'>monimentis</span> <span class='ocrx_word' id='word_1_218' title='bbox 739 3355 876 3418; x_wconf 86' lang='lat' dir='ltr'>purgare,</span> <span class='ocrx_word' id='word_1_219' title='bbox 900 3335 1057 3400; x_wconf 76' lang='lat' dir='ltr'>desitudiis</span> <span class='ocrx_word' id='word_1_220' title='bbox 1083 3335 1205 3418; x_wconf 88' lang='lat' dir='ltr'>templis</span> <span class='ocrx_word' id='word_1_221' title='bbox 1229 3336 1259 3400; x_wconf 80' lang='lat' dir='ltr'>dt</span> <span class='ocrx_word' id='word_1_222' title='bbox 1280 3336 1381 3414; x_wconf 87' lang='lat' dir='ltr'>idolis,</span> <span class='ocrx_word' id='word_1_223' title='bbox 1405 3336 1444 3398; x_wconf 86' lang='lat' dir='ltr'>ab</span> <span class='ocrx_word' id='word_1_224' title='bbox 1465 3336 1550 3398; x_wconf 86' lang='lat' dir='ltr'>omni</span> 
     </span>
     <span class='ocr_line' id='line_1_31' title="bbox 520 3423 1552 3598; baseline 0.004 -26"><span class='ocrx_word' id='word_1_225' title='bbox 520 3423 1097 3577; x_wconf 57' lang='lat' dir='ltr'>t‘tllsfflzllll‘llfilftlnl}</span> <span class='ocrx_word' id='word_1_226' title='bbox 1117 3423 1552 3598; x_wconf 49' lang='grc' dir='ltr'>ῗιῗῑὲἒῖιῖῗεῖῖῗάῗὲᾳὲἒ</span> 
     </span>
     <span class='ocr_line' id='line_1_32' title="bbox 520 3535 1551 3686; baseline 0.005 -27"><span class='ocrx_word' id='word_1_227' title='bbox 520 3615 663 3682; x_wconf 83' lang='grc' dir='ltr'>ριοιιιριο</span> <span class='ocrx_word' id='word_1_228' title='bbox 688 3597 740 3683; x_wconf 89' lang='lat' dir='ltr'>filij</span> <span class='ocrx_word' id='word_1_229' title='bbox 763 3599 954 3682; x_wconf 89' lang='lat' dir='ltr'>imperatoris</span> <span class='ocrx_word' id='word_1_230' title='bbox 978 3535 1088 3664; x_wconf 58' lang='lat' dir='ltr'>affiatu</span> <span class='ocrx_word' id='word_1_231' title='bbox 1112 3619 1209 3665; x_wconf 89' lang='lat' dir='ltr'>mater</span> <span class='ocrx_word' id='word_1_232' title='bbox 1225 3602 1372 3686; x_wconf 85' lang='lat' dir='ltr'>Augusta,</span> <span class='ocrx_word' id='word_1_233' title='bbox 1394 3601 1551 3684; x_wconf 74' lang='lat' dir='ltr'>patefaffis</span> 
     </span>
     <span class='ocr_line' id='line_1_33' title="bbox 520 3685 1550 3773; baseline 0.003 -25"><span class='ocrx_word' id='word_1_234' title='bbox 520 3689 556 3748; x_wconf 93' lang='lat' dir='ltr'>ad</span> <span class='ocrx_word' id='word_1_235' title='bbox 579 3708 673 3768; x_wconf 86' lang='lat' dir='ltr'>opera</span> <span class='ocrx_word' id='word_1_236' title='bbox 689 3685 789 3750; x_wconf 70' lang='lat' dir='ltr'>santia</span> <span class='ocrx_word' id='word_1_237' title='bbox 809 3689 961 3769; x_wconf 88' lang='lat' dir='ltr'>thesauris,</span> <span class='ocrx_word' id='word_1_238' title='bbox 986 3707 1052 3752; x_wconf 92' lang='lat' dir='ltr'>toto</span> <span class='ocrx_word' id='word_1_239' title='bbox 1077 3687 1166 3754; x_wconf 85' lang='lat' dir='ltr'>abusa</span> <span class='ocrx_word' id='word_1_240' title='bbox 1189 3690 1260 3754; x_wconf 89' lang='lat' dir='ltr'>fisco</span> <span class='ocrx_word' id='word_1_241' title='bbox 1286 3692 1346 3754; x_wconf 86' lang='lat' dir='ltr'>est:</span> <span class='ocrx_word' id='word_1_242' title='bbox 1372 3705 1550 3773; x_wconf 88' lang='lat' dir='ltr'>quantoque</span> 
     </span>
     <span class='ocr_line' id='line_1_34' title="bbox 520 3772 1551 3862; baseline 0.002 -26"><span class='ocrx_word' id='word_1_243' title='bbox 520 3772 618 3837; x_wconf 89' lang='lat' dir='ltr'>sumtu</span> <span class='ocrx_word' id='word_1_244' title='bbox 637 3792 727 3859; x_wconf 88' lang='lat' dir='ltr'>atque</span> <span class='ocrx_word' id='word_1_245' title='bbox 742 3775 826 3838; x_wconf 89' lang='lat' dir='ltr'>cultu</span> <span class='ocrx_word' id='word_1_246' title='bbox 848 3777 952 3858; x_wconf 84' lang='lat' dir='ltr'>regina</span> <span class='ocrx_word' id='word_1_247' title='bbox 966 3793 1087 3860; x_wconf 86' lang='lat' dir='ltr'>poterat</span> <span class='ocrx_word' id='word_1_248' title='bbox 1105 3777 1135 3841; x_wconf 76' lang='lat' dir='ltr'>bt</span> <span class='ocrx_word' id='word_1_249' title='bbox 1153 3776 1261 3862; x_wconf 86' lang='lat' dir='ltr'>religio</span> <span class='ocrx_word' id='word_1_250' title='bbox 1283 3778 1435 3856; x_wconf 85' lang='lat' dir='ltr'>suadebat,</span> <span class='ocrx_word' id='word_1_251' title='bbox 1456 3775 1551 3839; x_wconf 76' lang='lat' dir='ltr'>aedili-</span> 
     </span>
     <span class='ocr_line' id='line_1_35' title="bbox 519 3860 1550 3950; baseline 0.001 -24"><span class='ocrx_word' id='word_1_252' title='bbox 519 3865 594 3926; x_wconf 91' lang='lat' dir='ltr'>catis</span> <span class='ocrx_word' id='word_1_253' title='bbox 616 3860 743 3928; x_wconf 80' lang='lat' dir='ltr'>basilicis</span> <span class='ocrx_word' id='word_1_254' title='bbox 767 3866 904 3928; x_wconf 87' lang='lat' dir='ltr'>contexit</span> <span class='ocrx_word' id='word_1_255' title='bbox 929 3885 1037 3930; x_wconf 87' lang='lat' dir='ltr'>omnes</span> <span class='ocrx_word' id='word_1_256' title='bbox 1056 3866 1086 3930; x_wconf 81' lang='lat' dir='ltr'>dt</span> <span class='ocrx_word' id='word_1_257' title='bbox 1106 3867 1244 3930; x_wconf 85' lang='lat' dir='ltr'>excoluit</span> <span class='ocrx_word' id='word_1_258' title='bbox 1265 3867 1362 3946; x_wconf 87' lang='lat' dir='ltr'>locos,</span> <span class='ocrx_word' id='word_1_259' title='bbox 1386 3867 1417 3928; x_wconf 93' lang='lat' dir='ltr'>in</span> <span class='ocrx_word' id='word_1_260' title='bbox 1440 3866 1550 3950; x_wconf 85' lang='lat' dir='ltr'>quibus</span> 
     </span>
     <span class='ocr_line' id='line_1_36' title="bbox 520 3951 1550 4036; baseline 0.004 -23"><span class='ocrx_word' id='word_1_261' title='bbox 520 3952 657 4014; x_wconf 91' lang='lat' dir='ltr'>salutaria</span> <span class='ocrx_word' id='word_1_262' title='bbox 680 3953 769 4018; x_wconf 91' lang='lat' dir='ltr'>nobis</span> <span class='ocrx_word' id='word_1_263' title='bbox 795 3955 936 4036; x_wconf 86' lang='lat' dir='ltr'>mysteria</span> <span class='ocrx_word' id='word_1_264' title='bbox 958 3955 1078 4036; x_wconf 86' lang='lat' dir='ltr'>pietatis</span> <span class='ocrx_word' id='word_1_265' title='bbox 1100 3954 1169 4034; x_wconf 84' lang='lat' dir='ltr'>suae,</span> <span class='ocrx_word' id='word_1_266' title='bbox 1192 3956 1410 4018; x_wconf 87' lang='lat' dir='ltr'>incarnationis</span> <span class='ocrx_word' id='word_1_267' title='bbox 1434 3955 1465 4017; x_wconf 77' lang='lat' dir='ltr'>dt</span> <span class='ocrx_word' id='word_1_268' title='bbox 1489 3951 1550 4036; x_wconf 83' lang='lat' dir='ltr'>pas·</span> 
     </span>
     <span class='ocr_line' id='line_1_37' title="bbox 520 4039 1550 4126; baseline -0.001 -22"><span class='ocrx_word' id='word_1_269' title='bbox 520 4040 610 4104; x_wconf 79' lang='lat' dir='ltr'>lonis</span> <span class='ocrx_word' id='word_1_270' title='bbox 623 4041 653 4103; x_wconf 71' lang='grc' dir='ltr'>δι</span> <span class='ocrx_word' id='word_1_271' title='bbox 667 4039 891 4106; x_wconf 71' lang='lat' dir='ltr'>resurreslionis</span> <span class='ocrx_word' id='word_1_272' title='bbox 902 4057 994 4126; x_wconf 88' lang='lat' dir='ltr'>atque</span> <span class='ocrx_word' id='word_1_273' title='bbox 1004 4042 1183 4107; x_wconf 80' lang='lat' dir='ltr'>ascensionis</span> <span class='ocrx_word' id='word_1_274' title='bbox 1194 4043 1386 4106; x_wconf 89' lang='lat' dir='ltr'>sacramentis</span> <span class='ocrx_word' id='word_1_275' title='bbox 1396 4041 1550 4106; x_wconf 90' lang='lat' dir='ltr'>Dominus</span> 
     </span>
     <span class='ocr_line' id='line_1_38' title="bbox 521 4129 1549 4214; baseline 0 -22"><span class='ocrx_word' id='word_1_276' title='bbox 521 4129 712 4212; x_wconf 89' lang='lat' dir='ltr'>Redemptor</span> <span class='ocrx_word' id='word_1_277' title='bbox 727 4130 915 4212; x_wconf 89' lang='lat' dir='ltr'>impleverat.</span> <span class='ocrx_word' id='word_1_278' title='bbox 932 4130 1051 4193; x_wconf 87' lang='lat' dir='ltr'>Mirum</span> <span class='ocrx_word' id='word_1_279' title='bbox 1066 4153 1140 4194; x_wconf 89' lang='lat' dir='ltr'>vero</span> <span class='ocrx_word' id='word_1_280' title='bbox 1154 4133 1231 4195; x_wconf 89' lang='lat' dir='ltr'>inter</span> <span class='ocrx_word' id='word_1_281' title='bbox 1240 4132 1317 4210; x_wconf 84' lang='lat' dir='ltr'>haec,</span> <span class='ocrx_word' id='word_1_282' title='bbox 1331 4132 1415 4214; x_wconf 91' lang='lat' dir='ltr'>quod</span> <span class='ocrx_word' id='word_1_283' title='bbox 1432 4132 1461 4193; x_wconf 94' lang='lat' dir='ltr'>in</span> <span class='ocrx_word' id='word_1_284' title='bbox 1478 4129 1549 4192; x_wconf 87' lang='lat' dir='ltr'>bali-</span> 
     </span>
     <span class='ocr_line' id='line_1_39' title="bbox 521 4214 1549 4303; baseline 0.002 -23"><span class='ocrx_word' id='word_1_285' title='bbox 521 4218 581 4282; x_wconf 89' lang='lat' dir='ltr'>lica</span> <span class='ocrx_word' id='word_1_286' title='bbox 595 4214 786 4282; x_wconf 88' lang='lat' dir='ltr'>Ascensronis</span> <span class='ocrx_word' id='word_1_287' title='bbox 808 4218 894 4283; x_wconf 88' lang='lat' dir='ltr'>locus</span> <span class='ocrx_word' id='word_1_288' title='bbox 909 4218 960 4282; x_wconf 92' lang='lat' dir='ltr'>ille</span> <span class='ocrx_word' id='word_1_289' title='bbox 976 4236 1095 4282; x_wconf 87' lang='lat' dir='ltr'>tantum</span> <span class='ocrx_word' id='word_1_290' title='bbox 1117 4223 1232 4303; x_wconf 88' lang='lat' dir='ltr'>dequo</span> <span class='ocrx_word' id='word_1_291' title='bbox 1252 4222 1282 4283; x_wconf 93' lang='lat' dir='ltr'>in</span> <span class='ocrx_word' id='word_1_292' title='bbox 1296 4221 1379 4282; x_wconf 91' lang='lat' dir='ltr'>nube</span> <span class='ocrx_word' id='word_1_293' title='bbox 1401 4219 1549 4301; x_wconf 90' lang='lat' dir='ltr'>susceptus</span> 
     </span>
     <span class='ocr_line' id='line_1_40' title="bbox 522 4306 1548 4392; baseline -0.001 -22"><span class='ocrx_word' id='word_1_294' title='bbox 522 4306 664 4387; x_wconf 88' lang='lat' dir='ltr'>ascendit,</span> <span class='ocrx_word' id='word_1_295' title='bbox 678 4308 829 4392; x_wconf 89' lang='lat' dir='ltr'>captivam</span> <span class='ocrx_word' id='word_1_296' title='bbox 846 4309 875 4371; x_wconf 89' lang='lat' dir='ltr'>in</span> <span class='ocrx_word' id='word_1_297' title='bbox 890 4306 942 4370; x_wconf 92' lang='lat' dir='ltr'>sua</span> <span class='ocrx_word' id='word_1_298' title='bbox 955 4329 1047 4372; x_wconf 88' lang='lat' dir='ltr'>carne</span> <span class='ocrx_word' id='word_1_299' title='bbox 1061 4311 1175 4372; x_wconf 89' lang='lat' dir='ltr'>ducens</span> <span class='ocrx_word' id='word_1_300' title='bbox 1186 4310 1396 4392; x_wconf 89' lang='lat' dir='ltr'>captivitatem</span> <span class='ocrx_word' id='word_1_301' title='bbox 1409 4308 1548 4386; x_wconf 79' lang='lat' dir='ltr'>nollnm,</span> 
     </span>
    </p>
   </div>
   <div class='ocr_carea' id='block_1_5' title="bbox 0 0 1730 5704">
    <p class='ocr_par' dir='ltr' id='par_1_6' title="bbox 0 0 1730 5704">
     <span class='ocr_line' id='line_1_41' title="bbox 0 0 1730 5704; baseline 0 0"><span class='ocrx_word' id='word_1_302' title='bbox 0 0 1730 5704; x_wconf 95' lang='lat' dir='ltr'> </span> 
     </span>
    </p>
   </div>
  </div>
 </body>
</html>
