3296 5700
516 545 586 622 292
926 541 1144 595 Auouuuus

512 767 647 852 eluxerat,
674 766 765 832 ltodie
785 769 877 834 etiam
902 767 1119 834 dominicorum
1140 766 1266 856 vestigio
1289 765 1400 856 pedum
1422 763 1542 832 euiden-

511 869 618 958 riffime
641 873 851 963 demonstrant,
870 871 912 958 θ’,
931 879 1011 966 quofi
1023 873 1161 965 sentient
1177 872 1216 964 se
1232 897 1268 938 ex
1286 874 1343 937 ltac
1354 871 1471 962 pedm
1491 875 1544 937 im·

506 976 654 1070 preffioue
672 984 753 1046 omni
777 981 942 1072 artificioso
964 1003 1070 1047 ornatu
1097 977 1372 1070 incomparabiliter
1384 982 1544 1071 pretiofio·

512 1108 584 1167 rem,
614 1107 666 1150 nec
688 1089 861 1176 pavimento
881 1088 977 1174 sterni
1003 1110 1056 1153 nec
1080 1087 1158 1153 tello
1177 1087 1299 1177 patitur
1323 1087 1451 1175 operiri.
1480 1085 1545 1150 llos

506 1191 618 1283 pedum
640 1192 772 1258 Domini
796 1214 883 1259 notas
897 1193 1026 1283 sonl‘lus
1050 1189 1256 1258 Williltaldus
1280 1215 1346 1257 curn
1361 1190 1469 1281 sociis
1491 1215 1546 1257 non

512 1296 624 1387 eeffans
632 1297 767 1365 lacrimis
777 1299 942 1387 fluentibus
957 1301 1072 1390 rigare,
1085 1323 1153 1367 vere
1163 1303 1269 1391 potuit
1286 1299 1406 1365 dicere:
1421 1297 1547 1363 ollona-

513 1405 607 1471 limus
633 1406 663 1470 in
681 1403 759 1486 loco,
788 1405 838 1471 ulti
849 1407 995 1493 steterunt
1012 1406 1105 1496 pedes
1125 1409 1198 1474 eius.
1227 1407 1261 1473 ln
1278 1399 1401 1474 eadem
1416 1395 1547 1470 ecclesia

513 1504 594 1578 duas
611 1503 783 1604 perhibent
795 1507 875 1578 stare
888 1508 1060 1580 columnas
1072 1510 1106 1580 in
1124 1511 1337 1606 geminorum
1349 1509 1548 1578 memoriam

513 1612 719 1710 angelorum,
744 1613 801 1707 qui
832 1611 994 1710 discipulis
1012 1613 1244 1687 ascendentem
1261 1615 1453 1686 Dominum
1470 1613 1550 1708 alpi·

513 1715 673 1789 cientibus
690 1713 854 1789 dixerunt:
878 1723 948 1789 Viri
966 1722 1099 1806 Galilei,
1118 1725 1192 1812 quil
1201 1727 1296 1810 statis
1312 1723 1500 1815 aspicientes
1520 1727 1550 1788 in

512 1827 632 1894 celum?
649 1820 726 1892 lnde
739 1824 839 1894 etiam
852 1823 1004 1915 referunt,
1023 1827 1211 1920 quicunque
1227 1825 1507 1896 intercolumnas
1517 1826 1552 1894 ἀ

513 1927 643 2000 ecclesie
655 1931 815 2026 parietem
826 1929 1179 2026 poffitcircumrepete,
1191 1955 1408 2028 peccatorum
1421 1933 1553 2002 veniam

512 2035 601 2105 hunc
618 2035 776 2108 metuille.

561 2141 625 2214 Xll.
645 2141 722 2214 lude
739 2146 828 2216 venit
845 2147 1031 2232 uetulum,
1053 2141 1108 2215 ubi
1128 2149 1183 2215 los
1202 2149 1347 2238 cognouit
1356 2145 1551 2238 poffifforent

304 2265 450 2313 munchen.
504 2253 596 2344 suum
617 2250 648 2318 o
669 2259 765 2346 ofinus
782 2255 909 2346 presepe
930 2257 1062 2322 Domini
1076 2255 1144 2346 sui.
1175 2253 1335 2321 cAocedens
1356 2277 1432 2345 ergo
1450 2254 1498 2320 ilri
1514 2255 1554 2320 ad

508 2380 641 2450 pureum,
665 2362 745 2448 quod
765 2365 853 2451 prius
877 2361 1042 2429 mirabatur
1066 2362 1214 2443 auditum,
1243 2361 1322 2428 uidit
1336 2363 1369 2426 itt
1382 2361 1555 2451 superficie

513 2489 588 2554 aque
604 2467 649 2532 ire
666 2491 685 2532 o
706 2471 846 2557 margine
866 2466 958 2558 usque
978 2467 1018 2533 ati
1039 2471 1206 2558 marginem
1217 2468 1356 2558 figuram
1368 2465 1474 2554 stelle,
1500 2492 1554 2556 que

513 2574 613 2662 magis
638 2595 710 2640 nato
734 2574 870 2640 Domino
897 2576 1040 2663 apparuit
1065 2574 1171 2665 eosque
1194 2574 1310 2640 lecimo
1334 2577 1428 2640 terrio
1452 2573 1555 2642 dorni-

515 2682 580 2745 nice
606 2681 777 2746 nativitatis
804 2679 855 2746 lie
883 2680 921 2747 tle
947 2679 1123 2747 lietltleltem
1145 2679 1299 2770 perluxit.
1330 2675 1408 2747 lnde
1433 2701 1556 2748 venete

348 2821 410 2853 esua.
516 2786 676 2873 Tltecuam3
694 2788 754 2871 ulti,
774 2787 888 2876 Cltristi
904 2791 1060 2875 coequeuis
1077 2788 1114 2853 alt
1129 2786 1251 2854 Herode
1267 2787 1443 2869 trucidatis,
1460 2789 1557 2878 Qa-

515 2891 636 2960 tltanael
652 2892 714 2983 fult
724 2894 789 2980 ficu
817 2919 834 2960 a
858 2915 953 2960 matre
973 2891 1133 2982 absconsus
1156 2915 1254 2976 euau,
1278 2892 1403 2982 ideoque
1418 2899 1467 2987 fic
1488 2896 1557 2962 dic-

515 3023 577 3067 tum
594 3003 634 3089 est
651 3025 669 3066 a
688 3001 823 3067 Domino
834 3031 844 3065 .·
866 3000 948 3091 Qio
963 3023 1028 3066 cum
1047 2998 1188 3090 effessult
1197 3001 1275 3086 ficu,
1295 3004 1376 3068 novi.
1398 2995 1480 3067 lnde
1499 3025 1558 3094 pet

307 3115 363 3190 mi
397 3095 475 3188 enim.
517 3107 647 3191 lauram,
663 3101 719 3174 ubi
723 3108 849 3199 sanlius
865 3108 945 3174 Saba
961 3103 1142 3198 requiescit,
1153 3130 1256 3173 uenere
1268 3109 1351 3172 iuxta
1364 3111 1463 3172 victam
1479 3106 1558 3174 Fet·

310 3639 380 3687 Gau.

310 3967 429 4016 Affmmiu.

313 4189 440 4240 Ierusalem.

516 3237 585 3305 puro
599 3213 640 3280 cul
658 3239 777 3303 aquam,
795 3237 850 3302 que
873 3213 987 3300 eodem,
1013 3216 1043 3280 in
1062 3237 1120 3302 quo
1136 3216 1290 3303 gignitur,
1304 3211 1447 3302 sorbetur
1463 3211 1556 3280 loco:

518 3323 549 3386 in
581 3344 637 3409 quo
669 3301 797 3410 Etliops
828 3320 866 3386 alr
894 3319 1011 3386 ultimis
1037 3343 1115 3387 terre
1134 3319 1250 3406 finibus
1275 3322 1391 3408 vificato
1418 3321 1558 3386 ‘Domini

516 3427 638 3517 templo,
663 3449 722 3519 pet
745 3422 928 3518 Philippum
949 3418 1143 3518 baptizatus,
1169 3427 1301 3493 uicinum
1325 3425 1422 3516 lsrael
1440 3451 1558 3516 prere·

516 3535 626 3601 niendo
652 3533 765 3624 pellem
780 3533 872 3624 suom
897 3537 1032 3618 mutavit,
1055 3533 1088 3599 id
1109 3535 1148 3622 est
1160 3533 1229 3618 file
1253 3532 1410 3600 dealbatur
1426 3539 1557 3623 peccori

516 3641 702 3732 nigredinem
727 3640 872 3732 deposuit.
905 3635 983 3706 lnde
1005 3661 1083 3708 cum
1105 3636 1253 3706 venirent
1279 3638 1403 3728 Gopom,
1431 3635 1558 3707 auditis

517 3741 607 3841 apud
619 3747 760 3814 Sanl‘lum
775 3747 955 3814 manliam
965 3740 1131 3813 miliarum
1143 3741 1319 3829 solemniis,
1334 3743 1557 3814 sanstusWil-

517 3849 656 3922 libaldus
670 3850 781 3922 lumen
799 3850 973 3921 oculorum
991 3846 1104 3920 amifit.

567 3957 646 4028 Xlll.
663 3956 739 4029 lnde
757 3981 816 4053 pet
827 3959 976 4050 castellum
994 3961 1193 4048 celffromiam,
1214 3953 1269 4027 ubi
1284 3980 1345 4026 tres
1357 3957 1556 4050 patriarche,

521 4062 699 4152 Abraham,
717 4065 801 4135 llaac
817 4067 852 4134 &
868 4061 975 4152 lacob‚
993 4087 1070 4133 cum
1088 4063 1148 4132 suis
1165 4059 1317 4132 uxoribus
1335 4061 1556 4156 requiescunt,

521 4173 688 4242 revertitur
700 4174 869 4266 ierusalem,
886 4173 921 4240 ἃ
938 4167 1096 4268 ingrellus
1113 4171 1274 4267 molestam,
1289 4171 1340 4238 ubi
1350 4171 1463 4262 samfia
1483 4199 1557 4242 crux

523 4286 641 4353 invento
659 4279 714 4369 est,
725 4336 747 4350 ..
759 4333 784 4352 ..
798 4333 803 4350 .
815 4277 1044 4365 construimur,
1061 4301 1117 4374 per
1133 4277 1209 4348 duos
1221 4279 1357 4349 aenan
1364 4278 1425 4374 sue
1438 4283 1555 4380 menses
