3390 5720
534 521 600 584 102
837 531 1061 586 ANTONINUS
1078 533 1254 586 MARTYR

529 745 601 837 suit,
625 771 718 842 paret
740 773 835 820 cruor
850 748 1015 846 sanguinis
1037 750 1071 820 in
1087 749 1156 846 ipsa
1172 773 1276 845 petra.
1303 753 1337 819 ln
1355 749 1455 821 latere
1471 777 1564 848 petre

528 853 572 923 est
589 857 687 925 astute
704 859 840 943 tAbrulre,
869 854 926 928 ubi
952 854 1020 928 ibat
1037 857 1155 930 offerre
1175 859 1268 930 lsaac.
1292 857 1335 929 lbi
1359 861 1394 929 ἃ
1416 861 1563 930 ‹Melchi-

519 964 613 1055 sedec
634 959 754 1033 obtulit
764 967 967 1058 sacrficium,
991 966 1127 1060 quando
1152 965 1320 1038 Abraham
1343 964 1565 1040 revertebatur

528 1093 605 1138 cum
632 1069 770 1140 visloria
799 1097 818 1140 a
846 1071 927 1142 cede
951 1073 1119 1145 Amelecb.
1148 1075 1244 1145 Tunc
1269 1073 1392 1146 ibidem
1419 1071 1513 1144 dedit
1536 1074 1565 1142 ei

527 1173 697 1247 Abraham
714 1201 851 1248 omnem
870 1175 1127 1251 decimationem
1150 1183 1180 1251 in
1200 1182 1326 1254 hostias.
1346 1186 1434 1252 luxta
1462 1181 1565 1250 altare

527 1282 571 1352 esl
588 1302 790 1380 crepatuta,‘²
808 1284 863 1356 ubi
881 1287 979 1381 ponis
997 1313 1110 1357 autem
1127 1291 1160 1358 &
1176 1286 1288 1358 audies
1304 1287 1442 1358 flumina
1462 1312 1565 1381 aqua·

526 1415 610 1480 rum,
636 1393 671 1460 dc
696 1389 717 1462 st
747 1393 847 1463 iaslas
878 1393 1014 1484 malum,
1046 1418 1185 1488 pomum
1215 1419 1272 1464 aut
1301 1392 1438 1490 aliquid,
1470 1392 1565 1488 quod

525 1521 636 1568 natare
653 1499 770 1593 potell,
788 1503 823 1569 δι
841 1498 933 1571 vadis
945 1498 988 1570 ad
1001 1499 1125 1572 Siloam
1138 1501 1280 1588 sontem,
1296 1499 1388 1572 &ibi
1402 1501 1564 1596 suscipies.

527 1607 609 1673 lnter
623 1605 746 1676 Siloam
765 1609 800 1674 Sc
814 1605 1024 1703 Golgotbam
1038 1605 1137 1677 credo
1156 1605 1221 1678 esse
1238 1608 1433 1678 milliarium.
1444 1609 1564 1677 Hiero-

526 1709 651 1800 solyma
668 1737 791 1807 aquam
814 1715 924 1786 vivam
947 1738 1017 1784 non
1039 1712 1137 1785 habet
1157 1739 1264 1810 preter
1281 1716 1404 1786 Siloam
1424 1715 1563 1786 sontem.

625 1953 696 2024 XX.
723 1956 858 2048 bufilt'ca
877 1958 1075 2047 Constantini,
1096 1955 1264 2023 cubiculum
1283 1981 1347 2024 cum
1365 1982 1463 2024 cruce.

575 2142 628 2210 De
645 2139 819 2236 Golgotba
846 2141 945 2235 usque
962 2137 1006 2210 ad
1023 2140 1147 2228 locum,
1165 2137 1221 2210 ubi
1237 2142 1372 2212 inventa
1389 2165 1459 2211 erat
1475 2165 1565 2228 crux,

526 2247 601 2317 sunt
609 2243 731 2342 gressus
745 2249 996 2345 quinquaginta.
1010 2251 1044 2317 ln
1058 2251 1372 2344 bufilt‘cuConflumt'm'
1385 2247 1566 2317 coherente

526 2349 611 2420 circa
630 2376 883 2424 monumentum
898 2353 950 2426 vel
962 2353 1147 2450 Golgotba,
1161 2354 1193 2422 in
1209 2356 1291 2423 atrio
1309 2351 1405 2449 ipsrus
1423 2349 1565 2442 basilice,

526 2455 570 2525 est
587 2461 765 2546 cubiculum,
790 2464 840 2530 ulli
858 2463 975 2554 liguum
984 2463 1093 2554 stude
1111 2467 1210 2530 crucis
1227 2457 1369 2556 positum
1393 2460 1449 2550 est,
1470 2459 1565 2555 quod

526 2561 735 2634 adoravimus
752 2569 788 2636 δι
800 2566 933 2637 osculati
952 2567 1079 2657 sumus,
1098 2592 1176 2636 nam
1188 2569 1223 2636 dc
1237 2564 1378 2656 titulum,
1400 2567 1457 2660 qui
1469 2567 1566 2661 super

528 2695 627 2765 caput
652 2673 715 2742 lesu
740 2670 862 2770 positus
890 2699 968 2762 erat,
995 2672 1050 2742 &l
1067 2675 1099 2742 in
1127 2697 1195 2768 quo
1220 2673 1458 2768 scriptumest:
1481 2677 1566 2767 Iesus

526 2781 736 2870 Quatenus,
755 2807 807 2850 rex
823 2782 991 2868 sudeorum,
1014 2777 1081 2849 vidi
1101 2779 1187 2848 &in
1204 2805 1305 2850 manu
1326 2805 1400 2849 mea
1416 2779 1508 2850 tenui
1528 2781 1565 2849 dc

526 2883 687 2955 osculatus
703 2886 784 2957 siun.
811 2884 917 2982 Quod
934 2886 1063 2983 lignum
1087 2887 1190 2955 crucis
1215 2884 1258 2956 de
1276 2893 1360 2956 nuce
1377 2886 1431 2956 est.
1452 2888 1565 2956 Proce-

526 2987 625 3061 dente
649 2992 759 3062 saneta
781 3017 876 3063 cruce
898 2991 940 3064 ad
963 2991 1172 3063 adorandum
1194 2990 1236 3062 de
1261 2991 1415 3062 cubiculo
1442 2993 1500 3064 suo
1529 2997 1566 3062 ἃ

526 3099 677 3168 veniente
711 3099 743 3168 in
770 3101 900 3188 atrium,
938 3097 992 3170 ubi
1024 3097 1189 3188 adoratur,
1220 3097 1338 3170 eadem
1366 3099 1448 3170 hora
1478 3099 1567 3169 stella

526 3227 663 3298 apparet
687 3205 719 3274 in
742 3205 815 3275 celo
832 3210 867 3275 ἃ
884 3207 973 3276 venit
997 3206 1089 3302 super
1105 3205 1229 3296 locum,
1259 3203 1315 3276 ubi
1338 3232 1417 3277 crux
1438 3204 1565 3276 refidet.

527 3308 562 3378 lit
579 3308 660 3381 dum
677 3309 835 3382 odoratur
854 3337 941 3401 crux,
959 3313 1019 3381 stat
1035 3313 1130 3407 supra
1148 3339 1222 3382 eam
1240 3313 1337 3402 stella,
1360 3315 1394 3382 dc
1413 3311 1564 3384 offertur‘

528 3415 639 3486 oleum
661 3416 704 3486 ad
720 3416 986 3490 benedicendum
1012 3418 1163 3515 ampullis
1193 3418 1331 3509 mediis3
1365 3419 1448 3490 hora
1473 3445 1566 3510 vero,

527 3547 594 3616 qua
617 3525 757 3620 tetigerit
781 3525 908 3622 lignum
935 3523 1040 3596 crucis¹
1070 3525 1126 3596 has
1148 3526 1320 3621 ampullas,
1347 3551 1427 3596 mox
1454 3523 1567 3596 ebullit

528 3629 638 3700 oleum
657 3631 754 3722 soras,
779 3637 814 3702 ὅ(
836 3631 891 3703 nifi
910 3633 1003 3704 citius
1025 3630 1230 3724 claudantur,
1252 3657 1360 3703 totum
1385 3632 1568 3704 tefimditur

528 3737 624 3807 soras.
658 3739 850 3810 Revertente
877 3765 973 3810 cruce
998 3741 1031 3810 in
1058 3739 1172 3809 locum
1198 3740 1301 3830 suum,
1328 3740 1417 3810 stella
1446 3742 1566 3836 pariter

529 3845 706 3934 revertitur,
727 3847 762 3914 &
790 3847 864 3942 poll
889 3847 1046 3916 reclusam
1075 3871 1207 3916 crucem
1230 3846 1312 3917 ultra
1341 3873 1410 3916 non
1429 3871 1568 3944 apparet

527 3950 625 4022 stella.
648 3951 746 4022 Etiam
772 3950 817 4022 ibi
842 3953 1042 4050 estspongia
1059 3955 1093 4022 dc
1112 3978 1229 4042 canna,
1254 3953 1295 4024 de
1313 3951 1430 4049 quibus
1448 3953 1567 4050 legitur

528 4059 562 4130 in
588 4057 774 4156 Evangeli0,
792 4059 835 4130 de
853 4085 917 4154 qua
936 4061 1075 4157 spongia
1093 4085 1215 4154 aquam
1236 4057 1388 4131 bibimus.
1408 4058 1453 4130 lbi
1470 4059 1516 4130 est
1531 4062 1567 4129 ἀ

530 4165 613 4238 calix
638 4166 831 4257 onychinus,
857 4191 958 4261 quem
978 4164 1146 4238 benedixit
1166 4168 1200 4237 in
1225 4191 1307 4238 cena
1333 4168 1511 4256 Dominus,
1532 4168 1568 4235 ἀ

508 4411 512 4420 ·
565 4407 587 4448 s.
607 4389 646 4454 G,
664 4387 689 4442 iu
702 4385 760 4440 asiis
777 4387 824 4461 mff
832 4387 920 4456 cripta,
935 4387 1031 4464 scripta.
1046 4415 1078 4426 -·
1089 4389 1113 4438 b.
1124 4387 1221 4446 Addidi
1231 4390 1263 4442 δι.
1279 4417 1312 4428 -
1325 4405 1346 4444 c.
1358 4391 1398 4457 G,
1410 4387 1444 4440 as.
1454 4387 1566 4445 affertur.
