3448 5718
396 465 415 532 Ι.
441 477 710 533 anonumum
727 479 757 532 A
773 478 886 532 nonu.
910 478 1054 532 munos.
1202 461 1255 546 xiij

223 711 332 762 unnim
346 697 433 760 codice
446 698 653 786 manuscripto¹
667 697 709 759 uti
716 697 814 780 ponit,
821 696 851 758 in
861 694 1033 778 prefatione
1043 696 1126 758 dicit:
1139 697 1255 762 «Nous

226 820 240 855 e
257 795 374 860 l'uvons
394 793 581 858 collationis&
595 816 670 858 avec
684 793 712 858 le
732 808 813 857 texte
828 792 932 876 publii
947 811 1001 876 par
1020 789 1202 877 Wess‘eling,
1226 795 1255 858 δι

225 909 240 953 e
257 915 338 958 nous
351 914 445 957 avons
459 891 560 956 relevo.
582 895 656 956 dans
670 914 706 955 ce
727 881 810 954 teuto¹
824 890 877 954 des
895 891 991 954 fantes
1013 887 1092 954 affen
1106 912 1222 975 graves.
1241 919 1252 951 ι

224 991 326 1075 Neque
348 993 504 1075 negandum
523 991 602 1055 illam
620 992 759 1053 editionem
766 991 840 1080 satis
860 990 1026 1052 commodam
1050 992 1104 1075 effe
1109 1021 1122 1063 ‚·
1144 991 1174 1052 in
1199 1015 1256 1075 qua

224 1104 319 1171 nempe
331 1089 360 1150 in
373 1088 463 1151 tribus
475 1087 605 1150 columnis
614 1101 651 1171 po
661 1087 694 1148 cti
717 1100 759 1148 ont
771 1087 890 1164 numeri,
901 1101 959 1148 tum
981 1087 1100 1166 romani,
1110 1100 1168 1150 tum
1183 1111 1256 1152 ara-

225 1187 287 1266 bici,
301 1186 336 1248 {5
348 1186 467 1248 locorum
480 1184 637 1247 intervalla
651 1185 688 1245 ab
701 1184 759 1274 ipso
772 1182 864 1266 Lapie
878 1185 1064 1266 recognita&
1076 1185 1117 1247 ad
1122 1183 1256 1248 miliares

225 1282 364 1346 columnas
384 1291 492 1344 exacta.
517 1280 558 1343 Ut
581 1281 670 1365 operis
681 1282 800 1371 summa
820 1279 956 1343 intelle-'ltu
972 1281 1091 1364 facilius
1115 1281 1256 1357 evaderet,

224 1393 355 1442 curatum
365 1379 447 1441 etiam
458 1380 532 1460 estut
540 1377 684 1463 diuiſsones
693 1401 712 1441 a
722 1378 845 1458 qualibet
854 1378 960 1440 maiore
966 1378 1085 1468 summa
1092 1379 1256 1468 adsequen-

92 1503 96 1507 ·
224 1491 277 1541 tem
292 1477 324 1559 (a
336 1475 372 1538 fit
383 1481 423 1539 ad
430 1474 474 1557 fit)
490 1477 613 1539 romanis
626 1477 748 1538 numeris
761 1489 937 1553 notarentur,
950 1476 992 1539 ita
1007 1491 1039 1537 ut
1047 1475 1170 1540 XVIII
1179 1473 1256 1539 diui-

218 1575 479 1662 stonessaetaeſsnt,
490 1598 559 1658 quas
568 1598 614 1658 ego
624 1575 784 1664 maiuscuis
798 1575 849 1637 vel
855 1575 1009 1638 uncialibus
1023 1575 1120 1638 litteris
1135 1575 1255 1656 distinxi.

265 1673 371 1736 Multa
396 1674 425 1734 in
451 1670 612 1736 Itinerario
637 1672 714 1736 bodie
739 1673 894 1758 destderari
918 1673 977 1735 iam
994 1673 1095 1762 supra
1118 1673 1236 1735 diximus
1243 1703 1256 1744 ,-

220 1769 326 1854 fiquis
352 1771 432 1850 enim,
458 1773 488 1833 in
513 1772 568 1853 isla
590 1771 844 1862 manuscriptorum
869 1770 1038 1833 auxiliorum
1064 1771 1168 1852 inopia,
1191 1768 1256 1831 mil-

223 1868 374 1931 liariorum
385 1869 526 1958 summas,
553 1891 615 1950 quae
637 1869 800 1951 plerumque
818 1868 912 1958 falsa
921 1868 1004 1957 sunt,
1031 1868 1172 1949 corrigere
1197 1880 1256 1928 ten-

225 1964 350 2048 tnuiffet,
373 1981 404 2028 ut
425 1967 529 2050 finguli
550 1967 661 2028 numeri
688 1989 749 2027 curn
781 1967 904 2028 numeris
932 1989 950 2028 a
978 1966 1073 2028 ceteris
1098 1965 1256 2030 auotoribus

224 2064 351 2127 indicatis
366 2064 533 2127 concordare
546 2063 648 2149 pofflnt
661 2064 704 2145 (ut
715 2063 788 2126 nihil
803 2064 893 2125 dicam
912 2063 944 2124 de
963 2062 1082 2125 Iocorum
1096 2063 1257 2144 nominibus,

225 2183 288 2244 quae
306 2161 389 2224 ctiam
403 2162 557 2244 dilgentius
571 2163 606 2224 ὕ
619 2163 766 2225 cornellius
771 2160 927 2250 scribenda
942 2161 1047 2246 efflent),
1061 2183 1113 2222 non
1124 2176 1254 2243 parvum

225 2259 332 2342 quidem
344 2259 466 2321 laborem
483 2257 680 2345 affumpstffet,·
694 2259 774 2340 quod,
787 2259 908 2340 expertis
922 2257 1028 2340 aliquot
1040 2257 1176 2342 exemplis,
1186 2274 1255 2342 pro·

226 2359 295 2420 bare
298 2355 442 2441 facillime
450 2355 564 2441 pofflm:

265 2451 300 2514 In
311 2454 534 2535 peregrinatione
550 2453 648 2534 quippe
660 2450 712 2513 illa
725 2451 882 2534 invenimus
894 2452 958 2514 inde
972 2453 1056 2542 usque
1071 2453 1112 2516 ad
1127 2450 1254 2541 Tolosam

223 2551 376 2632 leugas&
390 2572 409 2613 a
426 2547 525 2638 Tolosa
540 2545 646 2626 millia,
656 2548 812 2637 secundum
826 2549 958 2639 diuersas
972 2551 1106 2631 editiones,
1125 2551 1254 2616 tob-108

224 2649 325 2711 leucas
339 2648 374 2709 Θ
387 2663 520 2726 211·214
534 2643 640 2724 millia,
661 2647 814 2737 insumma
827 2665 970 2732 317-322.
996 2649 1107 2711 Deinde
1121 2669 1191 2712 vero
1200 2663 1256 2734 pro

214 2747 332 2835 summa
342 2745 440 2806 codices
449 2744 576 2806 exhibent
584 2761 652 2826 372,
662 2743 737 2806 nullo
750 2745 908 2834 discrimine
918 2749 991 2809 inter
1001 2745 1104 2828 leugas
1116 2747 1150 2808 Θ
1160 2741 1256 2806 millia

213 2843 318 2929 sado,·
332 2865 416 2926 quum
430 2842 646 2932 autemsuonma
665 2841 720 2923 ista
741 2842 825 2904 multo
847 2845 939 2906 maior
944 2843 994 2930 fit,
1014 2847 1158 2930 pofficmus
1172 2841 1256 2923 leugis

220 2941 308 3025 paulo
318 2941 384 3025 plus
389 2939 484 3030 spatij
494 2962 577 3023 quaen
591 2939 733 3004 milliariis
747 2940 862 3022 largiri.
1081 2933 1085 2938 ’

263 3037 328 3101 Iam
341 3037 526 3102 interuallum
549 3059 569 3100 a
582 3036 693 3100 Sirmio
713 3037 755 3099 ad
770 3036 925 3100 Serdicam
941 3037 983 3120 (p.
997 3037 1062 3122 8-9)
1089 3037 1119 3098 in
1138 3035 1257 3121 diuersts

224 3135 420 3224 manccscriptis
433 3135 509 3197 codd.
527 3157 642 3196 numero
655 3151 714 3216 314
727 3148 842 3197 notatur
849 3165 862 3207 ,·
884 3135 913 3196 in
930 3133 1083 3220 Paristenst
1104 3147 1196 3197 autem
1211 3156 1256 3194 co-

224 3233 282 3296 dice
295 3249 351 3316 317
367 3233 402 3294 ὅ
414 3233 444 3294 in
462 3229 612 3311 Veronenfi
623 3232 682 3312 284
695 3231 961 3314 milliareperimus.
981 3232 1104 3322 Insuper
1124 3231 1255 3295 animad-

224 3329 484 3413 umtmdumquod
500 3331 529 3392 in
549 3329 596 3391 hoc
613 3329 716 3408 ultimo,
738 3331 779 3392 ad
798 3331 858 3392 tria
878 3331 988 3392 nomina
1009 3353 1071 3413 quae
1083 3329 1255 3420 sequuntur,

214 3429 326 3514 scilicet
337 3428 373 3490 ad
383 3427 508 3492 Sextum
520 3429 559 3512 (p.
570 3426 599 3507 8,
613 3427 661 3491 lin.
669 3428 798 3512 penult),
812 3428 941 3490 mutatio
956 3425 1162 3490 sarmatorum
1177 3429 1256 3512 (pc),

224 3527 273 3590 in.
291 3527 390 3611 13)‚&
404 3525 533 3588 mutatio
547 3525 714 3590 Redicibus
726 3527 803 3610 (pag.
817 3545 846 3608 9,
860 3525 908 3588 un.
927 3525 973 3606 18)
988 3547 1169 3587 numerorum
1184 3525 1257 3607 deest

223 3627 333 3704 notaio,
349 3624 701 3714 quorumsuenmafucffit
714 3641 749 3708 31
767 3623 865 3703 millia,
878 3624 920 3685 ita
942 3635 981 3701 ut,
991 3622 1023 3708 st
1035 3623 1095 3706 quis
1107 3644 1255 3686 numerum

223 3724 305 3805 istum
322 3722 447 3812 summae
473 3722 623 3800 addiderit,
657 3721 839 3799 concordiam,
856 3719 888 3806 st
913 3743 965 3782 nou
989 3720 1157 3803 perficiam,
1184 3732 1256 3782 certe

215 3820 292 3910 satis
304 3841 447 3902 magnam,
461 3819 535 3881 inter
548 3819 674 3910 diuersos
687 3817 785 3880 cadces
796 3817 937 3898 exprimet.
952 3815 1011 3879 Illa
1024 3815 1147 3900 exempla
1161 3815 1257 3880 leani

215 3913 353 4005 sufficere
366 3916 504 3979 arbitror.

264 4003 483 4095 Monuscriptos
502 4005 698 4095 imprcfflsque
718 4004 817 4068 codices
839 4005 964 4068 breuiter
983 4003 1144 4066 indicandos
1157 4003 1254 4093 censeo.
1360 4019 1364 4036 ·

263 4239 274 4275 ι
289 4217 413 4275 Bibliooh.
427 4215 550 4284 net.‚12t.
564 4221 645 4285 4808.
