3354 5706
448 549 498 603 rut
523 549 628 602 rocrs
652 546 817 600 sAucrrs.
1082 523 1147 620 167

90 771 269 864 ostendit,
294 775 338 845 ita
365 772 490 846 dicens:
520 805 538 837 ιι
560 776 728 864 Erfaritrm
755 779 810 864 est:
836 799 900 841 cum
927 772 1149 866 consummuffet

89 885 191 974 Iesus
197 885 360 976 sermones
377 887 432 952 lios
450 909 560 968 omues,
578 883 658 949 dixit
669 881 833 974 discipulis
843 883 913 974 suis
923 913 933 947 r
951 883 1057 966 Scitis,
1078 883 1148 970 quia
1217 961 1226 976 ·

80 995 159 1080 post
184 992 312 1058 biduum
329 993 446 1084 Pascha
455 991 524 1078 fier,
543 988 574 1057 θ’
584 990 675 1077 filius
692 992 823 1055 hominis
841 990 983 1072 tradetur,
1003 1012 1035 1055 ut
1052 991 1150 1056 cruci-

81 1099 237 1188 figatur,
259 1127 277 1158 ³>
306 1098 340 1165 &
367 1119 484 1166 cetera.
514 1097 636 1190 Aperte
659 1117 739 1189 ergo
764 1092 941 1163 ostenditur
966 1093 1151 1164 Dominum

92 1225 231 1295 quarta
249 1201 339 1288 feria,
358 1198 460 1271 biduo
480 1200 731 1296 restante·usque
746 1197 788 1269 ad
802 1201 945 1296 primum
959 1225 1151 1290 azymorum

89 1307 210 1396 diem,
237 1310 295 1402 qui
317 1306 434 1378 dicitur
464 1307 590 1398 Pascha,
611 1308 704 1403 supra
723 1333 944 1378 memoratum
969 1307 1152 1376 sermonem

91 1414 281 1510 prolixum
307 1413 349 1484 ad
370 1416 610 1511 interrogantes
638 1411 729 1486 fuisse
756 1415 917 1502 locutum,
943 1411 985 1484 ad
1012 1437 1152 1507 quatuor

94 1523 207 1618 supra
227 1519 336 1590 dietos
355 1518 540 1616 discipulos.
561 1526 594 1592 {n
610 1519 688 1590 loco
706 1524 816 1616 itaque
833 1521 989 1590 sermonis
1007 1519 1148 1616 superius

93 1643 333 1718 memoratos
350 1623 395 1697 ob
409 1625 674 1698 recordationem
689 1625 826 1699 fundata
838 1623 969 1698 ecclesia
980 1628 1014 1696 in
1029 1651 1151 1724 magna

98 1731 256 1804 habetur
276 1732 542 1804 honorificencia.

96 1949 134 2016 &
151 1947 287 2018 montis
297 1948 373 2017 Sion
388 1947 574 2042 montisque
585 1947 711 2019 Oliveti
721 1951 756 2019 &
769 1948 858 2018 vallis
874 1947 1041 2044 iosaphath
1057 1948 1153 2018 inter·

103 2055 268 2142 iacentis,
289 2049 393 2123 iuxta⁶
410 2051 512 2124 sanffl
534 2053 666 2144 Arcuifi,
690 2053 882 2125 eorumdem
907 2053 1154 2150 frequentatoris

103 2160 288 2251 locorum,
306 2185 428 2232 certam
446 2163 665 2245 narrationem
680 2159 814 2231 lirfficiat
831 2158 1034 2257 descripsrffe.

137 2407 163 2439 a.
180 2389 271 2453 Mau,
284 2385 319 2440 al.
334 2399 482 2440 memorata.
501 2419 524 2426 -
541 2387 565 2438 b.
579 2385 619 2440 Al.
628 2357 672 2438 ita.
