3354 5706
525 503 590 603 156
940 523 1136 578 nncmrus

517 767 664 844 agentes,
696 767 773 813 cum
800 743 930 841 ingenti
958 742 1062 815 letitia
1088 744 1361 842 ingeniculantes,
1393 741 1559 815 sudarium

519 851 659 922 Domini
686 876 764 922 cum
783 877 908 949 magna
931 850 1183 923 honorificentia
1203 851 1382 948 suscipiunt
1400 849 1444 922 ad
1466 849 1500 920 se
1519 847 1560 920 de

518 956 591 1027 celo
613 956 798 1029 venerabile
824 955 976 1029 emissum
998 955 1138 1050 donum,
1160 956 1419 1052 hymnificasque
1441 954 1555 1027 laudes

517 1062 659 1154 Christo,
681 1067 748 1136 eius
769 1063 937 1156 donatori,
961 1064 1115 1156 referunt,
1131 1068 1166 1135 δι
1182 1067 1216 1136 in
1232 1065 1350 1136 scrinio
1369 1060 1504 1135 ecclesie
1525 1065 1557 1134 in
1653 1103 1654 1110 κ

516 1169 583 1240 alio
600 1171 787 1244 involutum
803 1171 994 1242 linteamine
1013 1171 1208 1245 recondunt.

566 1276 673 1373 Qtod
693 1278 799 1348 noster
823 1277 919 1350 frater
935 1278 1088 1349 Arculfits
1109 1279 1175 1350 alio
1201 1277 1255 1350 die
1272 1277 1315 1350 de
1332 1277 1451 1350 scrinio
1467 1276 1556 1348 leva·

516 1409 588 1455 tum
605 1383 697 1476 vidit,
715 1388 750 1455 &
769 1387 853 1457 inter
873 1385 991 1482 populi
1008 1385 1255 1459 multitudinem
1266 1384 1347 1457 illud
1366 1383 1554 1472 osculantis,

516 1491 584 1587 ipse
605 1491 766 1563 osculatus
784 1493 874 1564 estin
895 1490 1027 1564 ecclesie
1044 1516 1223 1582 conventu,
1242 1492 1431 1564 mensuram
1447 1491 1559 1588 longi·

517 1595 638 1669 tudinis
666 1595 755 1693 quast
782 1603 861 1670 odlo
886 1596 1010 1671 habens
1037 1599 1170 1696 pedes!
1199 1601 1252 1671 De
1281 1624 1351 1696 quo
1378 1598 1441 1670 hec
1471 1597 1560 1668 dieta

518 1702 690 1777 sufficiant.

515 1881 580 1954 Xll.
607 1889 658 1953 De
687 1887 751 1954 alio
768 1887 966 1979 suctosondlo
993 1885 1098 1971 linteo,
1128 1885 1218 1976 quod,
1230 1889 1309 1980 ficut
1318 1886 1437 1974 fertur,
1447 1883 1557 1973 sancia

687 1998 836 2061 contexuit
853 1992 975 2062 Morio
992 1997 1096 2084 virgo,
1116 1992 1234 2061 Mater
1252 1993 1394 2059 Domini.

564 2158 663 2234 Aliud
692 2187 827 2259 quoque
856 2164 1034 2236 linteamen
1060 2165 1166 2236 maius
1192 2165 1346 2237 arculfus
1374 2167 1409 2236 in
1443 2163 1560 2238 eadem
1656 2175 1657 2178 ’

516 2268 818 2362 Hierosolymitana
842 2271 974 2343 civitate
1000 2268 1097 2361 vidit,
1121 2268 1225 2367 quod,
1247 2295 1284 2343 ut
1310 2272 1421 2363 fertur,
1451 2272 1560 2342 saneta

515 2375 618 2446 Maria
644 2378 823 2468 contexuit,
850 2379 884 2447 ἃ
906 2376 951 2449 ob
973 2376 1008 2449 id
1034 2403 1157 2476 magna
1175 2379 1354 2451 reverentia
1373 2381 1408 2449 in
1424 2375 1559 2451 ecclesa

516 2479 666 2553 habitum
709 2505 796 2552 totus
834 2507 1008 2556 veneratur
1040 2484 1195 2582 populus.
1233 2489 1267 2555 ln
1302 2510 1370 2580 quo
1405 2467 1559 2557 videlicet

514 2586 617 2659 linteo
642 2587 821 2660 duodecim
843 2569 1072 2688 tipostolotum
1089 2591 1229 2664 fotmule
1244 2589 1406 2663 habentur
1422 2593 1558 2680 intente,

515 2697 551 2765 ἃ
571 2692 668 2791 ipsius
691 2697 830 2768 Domini
852 2699 967 2796 imago
989 2696 1139 2796 figurata,
1157 2700 1248 2769 cuius
1269 2699 1469 2770 linteaminis
1491 2723 1560 2767 una

515 2827 590 2898 pars
614 2798 704 2872 rubei
725 2803 845 2874 coloris
870 2806 905 2873 δε
929 2804 1040 2896 altera,
1062 2830 1080 2875 e
1102 2807 1238 2904 regione
1262 2807 1295 2877 in
1317 2803 1422 2877 altero
1448 2805 1559 2897 latere,

515 2907 624 2981 viridis
640 2906 807 2980 habetur)

579 3179 656 3252 Xlll.
683 3185 734 3250 De
740 3184 862 3276 summo
879 3185 1016 3252 columna
1035 3188 1065 3253 itt
1085 3185 1209 3281 t'llofita
1228 3185 1307 3272 loco,
1326 3187 1378 3254 ubi
1397 3186 1493 3253 Cruce

638 3291 769 3359 Domini
785 3292 987 3386 superpofito‚
1011 3315 1144 3360 mortuus
1165 3297 1276 3362 revixit
1300 3296 1428 3379 iuvenis,

867 3395 898 3464 ee
915 3398 953 3464 de
970 3398 1069 3466 medio
1087 3399 1201 3466 mundi.

564 3573 617 3641 De
633 3570 744 3666 aliqua
762 3568 859 3643 valde
876 3569 1002 3643 summa
1017 3572 1185 3664 columna,
1211 3598 1276 3669 que
1294 3599 1313 3644 a
1332 3571 1416 3643 locis
1439 3571 1558 3645 sanclis

515 3676 559 3748 ad
592 3677 881 3774 septentrionalem
916 3702 1044 3774 partem
1079 3680 1112 3748 in
1152 3677 1264 3750 medio
1295 3679 1434 3750 civitatis
1471 3679 1559 3750 {lans

517 3783 729 3883 pergentibus
756 3782 856 3858 obvia
881 3784 1027 3878 habetur,
1046 3783 1187 3858 breviter
1210 3785 1389 3858 dicendum
1407 3785 1461 3858 est.
1482 3787 1558 3858 Hec

517 3888 636 3962 eadem
650 3894 818 3982 columna,
835 3895 869 3965 in
883 3919 924 3964 eo
938 3895 1053 3966 statuta
1069 3895 1160 3982 loco,
1182 3893 1238 3966 ubi
1249 3919 1398 3964 mortuus
1415 3895 1556 3986 iuvenis,

517 3998 627 4069 Cruce
653 4001 793 4070 Domini
818 3998 1027 4097 superposita,
1053 4001 1176 4093 revixit,
1203 4003 1325 4072 mirum
1349 4002 1383 4071 in
1409 3999 1557 4072 modum

553 4219 574 4252 a.
589 4201 690 4254 [trallis
704 4201 751 4270 ntffi
762 4202 871 4256 cubitos.
884 4233 918 4242 —
928 4203 954 4256 b.
968 4205 1007 4268 B.‚
1068 4204 1210 4258 herbarum.

519 4281 545 4332 Ρ.
573 4299 672 4348 12943,
701 4281 725 4333 in
756 4283 862 4335 modum
888 4281 1007 4336 viridium
