3354 5706
555 554 625 631 224
874 554 980 608 neon
1005 556 1254 610 vnuuuaents

577 910 628 982 [Χ.
647 914 697 980 De
705 919 767 1008 fito
785 914 917 1000 Hebron,
935 915 972 982 de
990 913 1143 982 Mambre
1161 912 1406 983 &monumentis
1425 919 1558 1006 portior·

820 1023 939 1088 citarum
962 1019 993 1087 e«
1013 1021 1132 1106 oldam,
1150 1022 1188 1089 de
1199 1026 1318 1113 pineto.

601 1189 721 1257 Hebron
745 1186 779 1255 in
802 1188 911 1283 campi
934 1185 1105 1259 latitudine
1126 1185 1182 1259 sita
1205 1187 1249 1258 est
1274 1189 1309 1258 dt
1325 1183 1369 1259 ab
1386 1187 1453 1258 Elia
1470 1187 1578 1286 uiginti

552 1290 681 1364 duobus
703 1289 843 1363 millibus
867 1291 1021 1390 separata.
1045 1295 1123 1367 Uno
1149 1292 1192 1365 ad
1210 1295 1372 1364 orientem
1388 1291 1496 1364 stadio
1517 1292 1579 1390 spe

550 1400 682 1471 luncam
706 1397 874 1496 duplicem
900 1401 935 1470 in
952 1399 1055 1472 valle⁰
1073 1399 1182 1492 habet,
1209 1398 1265 1472 ubi
1277 1403 1423 1495 sepulcro
1450 1409 1579 1494 portior·

550 1514 671 1578 cnorum
690 1505 852 1603 quadrato
871 1532 967 1578 muro
986 1506 1239 1598 circumdantur,
1257 1503 1417 1602 capitibus
1436 1505 1530 1579 versu
1542 1506 1579 1577 ad

550 1614 753 1710 aquilonem,
775 1616 810 1684 ἀ
831 1612 892 1684 hec
909 1610 1033 1711 singula
1053 1612 1185 1712 singulis
1203 1617 1287 1684 tedia
1307 1611 1475 1710 lapidibus
1491 1613 1580 1684 instar

549 1719 676 1793 basilice
706 1719 835 1812 dolatis,
866 1721 963 1790 trium
993 1721 1247 1817 patriarcharum
1277 1719 1439 1810 candidis,
1475 1719 1579 1790 Adam

549 1823 743 1899 obscurioris
762 1827 934 1898 &vilioris
952 1828 1071 1923 operis,
1095 1831 1152 1923 qui
1169 1825 1255 1897 haud
1275 1826 1379 1926 longe
1399 1823 1445 1897 ab
1464 1825 1526 1896 illis
1541 1823 1578 1895 ad

547 1932 714 2004 borealem
728 1958 973 2030 extremamque
987 1935 1069 2005 muri
1088 1932 1171 2004 illius
1183 1959 1311 2031 partem
1325 1934 1451 2031 pausat.
1469 1933 1578 2003 Trium

549 2067 683 2139 quoque
697 2042 894 2114 seminarum
911 2043 1039 2115 viliores
1057 2046 1091 2115 ἃ
1105 2045 1249 2114 minores
1267 2043 1429 2114 memorie
1446 2067 1577 2114 cernun-

549 2173 608 2221 tur.
632 2146 781 2222 Mambre
798 2149 901 2240 collis‚
919 2149 1007 2220 mille
1030 2147 1167 2246 passibus
1185 2175 1204 2220 a
1226 2149 1453 2220 monumentis
1475 2149 1524 2219 his
1540 2145 1577 2218 ad

548 2254 695 2348 boream,
717 2253 871 2327 herbosus
897 2253 993 2328 valde
1019 2257 1054 2326 dt
1080 2253 1225 2347 floridus,
1249 2256 1466 2355 campestrem
1488 2251 1577 2326 babet

547 2362 582 2432 in
603 2363 722 2435 vertice
743 2361 924 2458 planitiem,
954 2363 988 2432 in
1011 2364 1101 2432 cuius
1128 2361 1306 2457 aquilonali
1331 2385 1423 2458 parte
1446 2385 1576 2457 quercus

548 2466 691 2559 Abrahe,
718 2466 860 2540 duorum
886 2468 1060 2539 bominum
1084 2466 1261 2541 altitudinis
1284 2493 1429 2556 truncus,
1453 2464 1576 2538 ecclesia

549 2573 750 2646 circumdata
763 2575 816 2646 est.
826 2573 1068 2674 Egredientibus
1077 2601 1157 2648 vero
1169 2572 1308 2647 Hebron
1320 2572 1365 2646 ad
1377 2575 1575 2670 aquilonem,

548 2681 581 2750 in
598 2679 717 2752 sinissra
730 2706 823 2778 parte
836 2681 899 2772 vie,
918 2683 1059 2752 occurrit
1071 2707 1167 2752 mons
1181 2681 1326 2779 pinosus,
1338 2706 1471 2778 parvus,
1484 2677 1576 2750 tribus

549 2785 689 2858 millibus
701 2786 852 2887 passuum
865 2786 907 2860 ab
922 2787 1071 2880 Hebron,
1084 2786 1173 2860 unde
1186 2788 1455 2880 Hierosolymam
1469 2785 1576 2884 pinea*

546 2895 638 2993 ligna
660 2896 805 2967 feruntur
825 2897 859 2966 in
882 2893 1026 2986 camelis3
1049 2896 1183 2966 namin
1207 2895 1301 2964 omni
1323 2891 1421 2965 iudea
1445 2892 1576 2990 plaustra

548 3001 601 3074 vel
617 3027 726 3074 currus
743 3027 816 3074 raro
835 3001 916 3073 sunt.

578 3268 617 3340 X.
640 3274 691 3338 De
711 3272 828 3340 soricino
854 3269 885 3338 dr
910 3269 988 3339 Iocis
1012 3270 1143 3362 eiusdem
1160 3269 1293 3361 senilis,
1311 3263 1555 3360 deGoIgalis&

785 3380 878 3467 sonte
892 3377 1025 3470 Helisei,
1044 3378 1081 3444 de
1098 3402 1201 3467 cumpo
1221 3383 1341 3468 magno.

597 3545 715 3612 sericio
742 3540 783 3613 ab
805 3539 868 3612 Elia
898 3543 1059 3613 orientem
1085 3541 1193 3612 versus
1221 3536 1455 3610 novemdecim
1478 3535 1576 3606 mille‘

551 3645 692 3746 paffibus
709 3645 807 3736 abest,
826 3672 892 3743 qua
910 3650 1004 3719 tertio
1023 3646 1065 3718 ad
1083 3647 1190 3718 solum
1206 3645 1375 3735 destructa,
1393 3643 1463 3714 sola
1478 3647 1576 3712 donus

550 3759 638 3851 Roob
656 3750 702 3825 ob
719 3750 846 3851 signum
863 3752 941 3827 fidei
959 3779 1120 3847 remanet3
1138 3755 1205 3826 eius
1220 3754 1309 3824 enim
1324 3750 1433 3823 adhuc
1446 3751 1575 3846 pariete

548 3858 613 3934 srne
630 3859 774 3932 culmine
792 3858 919 3933 durant,
941 3863 1044 3932 Locus
1062 3858 1148 3932 urbis
1166 3859 1288 3957 segetes
1308 3859 1345 3928 ἀ
1360 3853 1488 3930 vinetal
1503 3855 1575 3926 reci·

549 3967 606 4062 pit.
626 3971 708 4040 lnter
724 3967 810 4042 hanc
828 3972 863 4041 ἀ
882 3967 1065 4058 Iordanem,
1083 3967 1229 4062 quinque
1251 3964 1305 4036 vel
1322 3965 1375 4037 sex
1392 3959 1434 4035 ab
1454 3989 1494 4034 ea
1511 3961 1575 4033 mil·

546 4068 631 4143 libus
647 4072 843 4171 separatum,
870 4071 1009 4173 grandia
1029 4073 1102 4144 sunt
1125 4070 1282 4168 palmeta,
1303 4069 1464 4168 campulis
1483 4070 1575 4141 inter·

583 4259 606 4294 a.
623 4242 728 4296 Tam
742 4246 786 4297 Po.
801 4244 826 4296 in
841 4244 872 4297 ses
896 4273 929 4286 -
951 4245 975 4296 b.
991 4245 1028 4296 Pc.
1091 4237 1575 4311 m.peda;1³a.vajm.pnffi—

549 4321 635 4400 pineti.
651 4351 685 4363 -
703 4339 724 4376 c.
743 4323 779 4390 L,
795 4325 849 4392 ιὼς
872 4326 911 4390 0.,
930 4323 968 4376 ec.
989 4322 1030 4375 niv
1090 4321 1115 4373 d.
1130 4321 1171 4374 rt.
1184 4321 1282 4378 cunila.
