3296 5700
301 545 569 598 ITINERARIUM
595 547 620 596 S.
650 545 895 597 WILLIBALDI.
1058 543 1124 623 295

70 767 209 857 meffem
228 768 272 835 ibi
288 767 424 852 multam,
454 771 609 858 operarios
628 791 724 836 autern
748 792 876 859 paucos,
895 766 925 834 ee
944 791 1008 833 cum
1029 765 1128 857 neces·

61 881 156 967 ficas
189 874 433 965 irrecuperabilis
456 898 549 965 cogat
564 879 713 965 pastorem
739 874 952 966 commisotum
970 875 1031 968 fibi
1055 897 1128 962 quo·

71 981 235 1049 rumlibet
246 985 391 1048 rationem
408 982 543 1064 reddere,
555 982 802 1074 subditorumque
809 981 943 1073 sanguis
959 983 1130 1069 requiratur

75 1116 96 1154 a
111 1095 278 1182 prepofito
290 1088 422 1179 presule,
452 1113 538 1154 unum
551 1093 699 1179 pastorem
725 1112 785 1154 tam
806 1088 959 1178 numeroso
977 1086 1055 1155 ouili
1070 1110 1129 1153 non

70 1195 171 1285 poffe
181 1195 324 1286 sufficere
329 1221 341 1272 ;
362 1195 497 1284 ideoque,
504 1201 534 1288 fi
547 1197 632 1262 Deus
650 1217 760 1262 annuat
772 1193 804 1260 dr
815 1201 839 1286 fi
851 1193 1012 1285 apostolica
1026 1195 1129 1261 audla-

74 1306 168 1368 ritas
182 1306 355 1392 permittat,
372 1302 406 1390 se
420 1303 542 1369 eundem
559 1303 774 1392 episcopatum,
784 1305 910 1389 statutis
927 1305 957 1368 in
969 1326 1003 1368 eo
1015 1302 1129 1368 duobus

75 1409 254 1500 episcopis,
275 1408 433 1499 decreuisse
444 1413 573 1501 partiri,
597 1431 630 1475 ut
647 1412 744 1476 minor
758 1413 934 1498 procuratio
954 1406 984 1474 ἃ
1005 1431 1127 1498 gregem

77 1520 213 1582 munire
239 1513 269 1582 a
290 1520 438 1607 pastorem
466 1516 566 1584 valeat
582 1515 734 1608 absolvere
743 1544 755 1592 ,·
777 1515 889 1605 effique
908 1515 990 1605 apud
1005 1518 1128 1604 caslrum

83 1621 235 1710 Cafinam
258 1627 427 1690 monacnum
446 1624 601 1712 quemdam
626 1626 673 1684 W
675 1621 859 1704 illibaldum,
882 1625 944 1710 qui,
958 1624 1129 1713 postpofitis

80 1729 203 1796 divino
223 1733 321 1797 amori
332 1733 437 1821 patria
454 1727 486 1795 b
503 1730 690 1820 parentibus,
712 1732 780 1818 post
789 1730 926 1817 stadam
953 1727 1045 1817 longo
1062 1730 1129 1793 via-

84 1860 157 1902 rum
180 1833 211 1902 b
221 1837 333 1926 sane‘la
352 1836 530 1925 permeandi
552 1835 619 1902 loca
637 1835 739 1901 labore
761 1858 877 1918 erarem,
896 1838 965 1901 Deo
983 1835 1027 1900 ibi
1044 1859 1128 1900 man·

86 1947 217 2032 cipatus
238 1945 370 2033 serviat,
398 1947 445 2010 cui
468 1968 553 2009 unum
580 1942 792 2030 exslaruendis
810 1942 1030 2032 episcopatibus
1054 1940 1128 2008 velit

91 2053 294 2136 committere,
303 2057 332 2143 fi
350 2051 414 2141 ipse
430 2050 569 2116 dominus
582 2075 666 2140 papa
679 2074 743 2114 eum
757 2051 932 2138 monasterio
941 2048 1127 2139 subtradlam

89 2157 147 2244 fibi
157 2179 243 2223 caret
259 2158 469 2248 transmittere.
482 2159 604 2245 Presut‘r
616 2179 684 2222 runc
689 2156 760 2248 sedi
775 2154 933 2246 apostolice
940 2154 1123 2244 Gregorius,

92 2263 231 2354 eiusdem
257 2249 388 2330 nominis
416 2267 534 2348 tertius,
562 2287 645 2353 papa
669 2287 738 2329 vero
762 2268 967 2352 nonagefimus
992 2265 1123 2353 primas.

90 2369 169 2452 Hic,
191 2370 296 2436 audito
320 2393 380 2436 tarn
403 2369 554 2437 laudabili
572 2367 788 2460 archipresulis
805 2370 966 2458 bonifacii
982 2368 1125 2454 defiderio

79 2481 255 2568 propofito,
278 2479 342 2542 eius
369 2478 559 2542 intentionem
581 2476 735 2565 probavit,
757 2476 862 2566 sanc‘li
883 2471 1125 2566 transmiffionem

91 2579 284 2648 Willibaldi
300 2585 446 2672 promise,
464 2579 495 2646 de
513 2580 617 2671 longis
626 2583 730 2670 sotum
748 2579 931 2672 amplexibus
950 2579 1044 2671 pleno
1063 2585 1126 2672 fin·

83 2686 228 2774 gulribus
245 2687 367 2781 dintifit.

134 2789 237 2860 XVII.
256 2789 325 2860 Nec
340 2790 480 2887 longum
499 2790 609 2886 postea
624 2790 750 2860 l'anllus
767 2787 989 2880 willibaldus,
1006 2787 1124 2861 decen·

86 2895 144 2962 nio
163 2895 233 2965 iam
256 2893 345 2990 apud
368 2893 525 2966 cafinum
547 2921 696 2966 montem
724 2895 874 2990 implet0,
896 2900 1025 2989 Rumam
1048 2920 1126 2966 curn
1139 2915 1224 2964 noma.

87 3000 240 3093 quodam
263 3002 428 3072 confratre
446 3004 516 3092 l'u0,
533 3027 652 3098 genere
671 3001 830 3098 Hispano,
857 3027 897 3072 eu
914 3001 1043 3072 licentia
1068 2997 1125 3072 ab·

85 3103 169 3176 batis
197 3107 245 3176 sui
262 3108 443 3179 Petronacis
461 3105 549 3178 adiit.
578 3109 682 3178 Cuius
699 3106 813 3178 audito
837 3107 992 3196 adventu,
1013 3106 1125 3179 beatus

88 3237 177 3309 papa
206 3239 281 3282 eum
310 3215 441 3286 vocavit
466 3217 511 3302 δι,
531 3215 602 3308 post
627 3213 744 3284 multas
768 3213 989 3309 inquisttiones
1006 3217 1041 3285 δε
1064 3216 1124 3286 res·

88 3321 207 3412 ponsa,
230 3321 259 3390 ei
289 3321 389 3390 sancti
417 3321 611 3417 petitionem
636 3321 796 3412 Bonifacij
822 3323 977 3392 innotuit.
1010 3320 1043 3392 {d
1068 3325 1125 3391 da·

88 3452 150 3494 rum
182 3429 219 3496 &
245 3423 412 3522 propofite
443 3429 639 3497 contrarium
669 3427 734 3498 vite
763 3427 888 3499 sanetus
915 3426 1126 3500 willibaldus

90 3559 256 3628 reputans,
274 3535 378 3602 intulit
388 3538 437 3628 se,
455 3541 507 3625 qui
523 3541 654 3628 propria
672 3539 793 3631 dimiſsu
814 3543 866 3627 qui
883 3539 1021 3605 mundum
1034 3541 1125 3630 pedi·

91 3643 142 3708 bus
151 3643 292 3734 subegit,
317 3667 374 3710 non
393 3642 478 3733 pose
495 3643 598 3734 rursus
624 3644 782 3712 mundanis
798 3646 926 3727 irretiri,
946 3669 999 3710 nec
1015 3649 1123 3734 quiete,

90 3773 175 3834 quam
209 3751 239 3814 in
269 3748 350 3816 valle
375 3747 566 3816 lacrimarum
586 3751 646 3843 fibi
660 3754 797 3841 pararit,
819 3749 896 3818 velle
913 3754 1047 3843 privari,
1074 3778 1126 3819 nec

90 3854 142 3942 effe
153 3857 284 3946 providi
307 3853 337 3921 6⁴
363 3878 457 3922 mente
473 3858 598 3946 integri,
629 3878 671 3939 ut,
693 3861 761 3947 posi
786 3857 934 3924 horrenda
959 3860 1125 3951 naufragia

88 3983 173 4047 portu
194 3985 348 4052 occuparo,
360 3962 409 4052 se,
438 3963 634 4029 titubantibus
652 3963 748 4029 adbuc
767 3965 913 4054 vestigiis,
933 3963 1039 4054 seram
1052 3990 1124 4056 pre-

90 4068 220 4135 tendenti
234 4091 355 4134 mortem
370 4067 473 4134 credat
484 4067 610 4161 pelago.
635 4069 692 4135 ald
705 4094 788 4157 quem
800 4095 884 4161 papa
897 4073 947 4137 bis
960 4071 1008 4138 rel
1021 4074 1124 4165 buius·

91 4175 170 4239 modi
183 4177 279 4240 uritur
291 4173 399 4240 diliis:
414 4173 553 4241 Dileciio
563 4177 626 4241 ‘Dei
633 4199 691 4265 per
702 4175 895 4243 dilec‘lionem
905 4181 1041 4266 proximi
1047 4202 1124 4270 pro·

93 4275 187 4346 batur.
218 4282 313 4347 Petro
330 4304 415 4372 ergo,
434 4284 591 4370 postquam
601 4282 640 4373 se
657 4305 786 4348 amorum
804 4304 847 4349 ter
866 4283 992 4367 audivit,
1014 4288 1124 4382 gregis
