3396 5708
649 570 755 664 (400)

350 797 432 862 Pene
445 814 546 864 totum
561 797 648 863 sociis
662 799 754 862 dabat
766 821 839 862 cum
853 801 977 879 rediret,

348 884 414 969 lpse
427 909 491 951 non
506 887 645 952 reficiens
659 889 759 951 donec
773 888 908 953 esuriret.

311 974 380 1038 Plus
392 997 484 1060 quam
500 993 617 1060 partem
633 976 719 1040 sociis
734 977 825 1042 dabat
838 1000 876 1041 ex
891 979 1016 1040 invento

348 1063 439 1143 Pane,
454 1065 504 1148 qui
520 1064 669 1128 sufficeret
682 1063 734 1128 sibi
750 1066 800 1128 vix
816 1081 944 1142 retento,

350 1153 399 1218 Sic
414 1155 452 1217 ab
466 1154 550 1216 omni
566 1153 717 1218 abstinens
731 1154 792 1216 cibi
806 1151 999 1216 firmamento

351 1244 400 1305 Ac
414 1242 434 1304 st
450 1241 512 1304 solo
526 1243 644 1305 viveret
658 1241 770 1306 Christi
784 1242 980 1306 sacramento.

209 1339 214 1348 '
310 1334 354 1397 At
369 1346 508 1415 parentes
522 1332 648 1414 cognito
663 1328 807 1394 receffille
821 1345 939 1410 natum,

350 1420 424 1482 Heri
440 1418 545 1483 datum
559 1420 684 1501 nuptiis,
697 1418 790 1483 bodie
805 1419 966 1498 sublatum,

350 1507 418 1571 Pari
433 1507 582 1591 plangunt
595 1511 698 1571 animo
715 1508 825 1589 pariter
841 1522 986 1587 amatum,

350 1595 437 1660 Pater
450 1596 566 1660 habens
580 1595 730 1672 lacrimas,
744 1612 841 1659 mater
857 1594 1016 1659 ululatum.

311 1686 417 1750 Ruens
432 1706 545 1768 pronus
560 1706 653 1748 aureo
669 1699 754 1766 pater
768 1705 786 1746 a
798 1684 893 1763 sedili,

351 1773 455 1836 Mater
470 1775 548 1836 inter
562 1771 699 1851 Famulas,
714 1793 791 1836 uxor
806 1775 837 1834 in
852 1773 957 1852 cubili,

351 1862 428 1924 Haec
443 1862 541 1924 amice
555 1862 705 1940 nominat,
719 1862 771 1923 bic
785 1861 815 1924 δι
830 1861 882 1923 illa
895 1858 949 1940 fili,

349 1949 375 2012 F
376 1949 510 2012 eminina
524 1949 655 2026 feminae,
669 1968 746 2010 voce
760 1948 807 2011 vir
822 1948 910 2010 virili.

314 2039 416 2102 Mittit
431 2052 515 2119 pater
528 2037 658 2099 nuncios
676 2034 820 2098 Gratiam
835 2037 935 2099 metiri

351 2124 499 2278 guasque
513 2141 606 2188 terras
620 2123 762 2188 incolunt
776 2124 893 2186 Arabes
909 2141 962 2188 aut
974 2124 1053 2208 Syri,

381 2231 392 2277 t
405 2215 426 2276 fi
440 2230 529 2276 terrae
543 2211 658 2292 sileant,
672 2212 748 2274 freta
761 2211 901 2292 circuire,

324 2352 327 2360 .
352 2303 399 2366 Ut
412 2298 452 2363 stc
466 2300 563 2362 saltim
576 2299 656 2364 filius
674 2297 769 2382 pollet
783 2300 924 2363 inveniri.

314 2392 416 2472 Cepto
431 2410 504 2450 mox
520 2388 627 2450 itinere
643 2388 726 2468 prius
740 2408 759 2448 a
773 2387 883 2452 vicinis

350 2479 459 2542 Errant
473 2477 503 2538 in
519 2475 715 2554 terrestribus,
730 2492 832 2538 errant
846 2477 876 2538 in
892 2477 1026 2558 marinis,

350 2569 451 2631 Terra
465 2564 543 2648 pede
556 2564 694 2642 curritur,
708 2563 817 2647 pelago
832 2566 954 2644 carinis,

351 2655 478 2723 Claudit
491 2653 599 2717 orbem
613 2654 709 2716 cicius
723 2673 816 2737 quam
830 2653 971 2716 laborum
984 2654 1062 2718 linis.

315 2745 410 2810 Multi
425 2742 522 2805 multa
534 2742 638 2826 nuncij
654 2740 724 2804 loca
738 2757 947 2826 pervagantes,

352 2833 423 2897 Pars
435 2829 567 2914 Ediffam
581 2829 719 2908 veniunt,
733 2830 784 2893 ubi
799 2852 862 2893 non
877 2847 1019 2894 vacantes

352 2919 422 3005 Ipst,
437 2940 491 3002 pro
506 2939 567 3000 qua
580 2933 734 2996 venerant,
747 2919 828 2982 inter
844 2921 1053 2983 mendicantes

354 3008 438 3073 Data
452 3004 526 3090 stipe
541 3005 694 3070 transeunt
707 3006 785 3069 nihil
800 3006 992 3090 suspicantes.
1033 3075 1037 3085 ,

313 3098 380 3183 lpse
394 3118 467 3160 vero
483 3095 639 3178 providus,
654 3110 794 3160 metuens
808 3097 919 3176 notari,

351 3187 435 3252 Cum
448 3180 577 3247 notalset
589 3184 730 3261 nuncios,
745 3183 839 3247 vellet
851 3184 1016 3249 absentari:

354 3275 412 3338 Sed
428 3294 500 3335 mox
515 3287 550 3334 ut
564 3272 592 3334 se
606 3272 758 3353 comperit
771 3270 866 3334 alium
881 3273 992 3355 putari,

352 3363 378 3426 F
379 3363 440 3427 lere
454 3361 551 3444 coepit
564 3359 673 3440 oculis,
686 3359 792 3424 animo
807 3360 911 3425 laetari.

313 3543 358 3605 At
371 3540 461 3624 legati
475 3537 593 3601 flebiles
607 3539 692 3600 vario
707 3537 837 3620 dispersr,

353 3629 520 3712 Peragratis
536 3627 672 3711 partibus
686 3627 768 3690 orbis
784 3628 923 3708 universi,

353 3717 429 3780 Non
444 3717 570 3778 invento
585 3716 694 3778 iuvene
709 3717 833 3778 tandem
847 3714 915 3780 sunt
928 3713 1035 3780 reverti

352 3805 395 3870 Et
408 3805 444 3868 ad
461 3819 576 3887 patrem
590 3803 751 3866 confluunt
764 3802 898 3868 lacrimis
912 3802 1043 3888 resperli.

312 3981 378 4046 Iam
394 3980 460 4063 post
473 3999 587 4042 annum
602 3980 757 4042 decimum
771 3978 914 4062 septimus
929 3980 1071 4062 vergebat

353 4069 498 4134 Necdum
513 4066 631 4132 sanetus
646 4069 733 4151 operi
747 4084 853 4150 coepto
868 4065 1031 4147 defistebat,

354 4157 412 4220 Sed
427 4157 459 4220 in
474 4155 536 4238 ipso
552 4155 662 4238 iugiter
677 4157 755 4220 atrio
771 4156 909 4238 degebat.

354 4247 418 4312 Ubi
433 4259 558 4327 propter
572 4247 706 4308 animam
720 4265 833 4328 corpus
847 4245 1008 4329 affligebat.
