<?xml version="1.0" encoding="UTF-8"?>
<!DOCTYPE html PUBLIC "-//W3C//DTD XHTML 1.0 Transitional//EN"
    "http://www.w3.org/TR/xhtml1/DTD/xhtml1-transitional.dtd">
<html xmlns="http://www.w3.org/1999/xhtml" xml:lang="en" lang="en">
 <head>
  <title>
</title>
<meta http-equiv="Content-Type" content="text/html;charset=utf-8" />
  <meta name='ocr-system' content='tesseract 3.04.00' />
  <meta name='ocr-capabilities' content='ocr_page ocr_carea ocr_par ocr_line ocrx_word'/>
</head>
<body>
  <div class='ocr_page' id='page_1' title='image "./itinerahierosol00berngoog_0243.png"; bbox 0 0 3354 5706; ppageno 0'>
   <div class='ocr_carea' id='block_1_1' title="bbox 536 546 1144 628">
    <p class='ocr_par' dir='ltr' id='par_1_1' title="bbox 536 546 1144 628">
     <span class='ocr_line' id='line_1_1' title="bbox 536 546 1144 628; baseline -0.01 -24"><span class='ocrx_word' id='word_1_1' title='bbox 536 553 603 628; x_wconf 88' lang='lat'>174</span> <span class='ocrx_word' id='word_1_2' title='bbox 949 546 1144 600; x_wconf 57' lang='lat' dir='ltr'>arcuarius</span> 
     </span>
    </p>
   </div>
   <div class='ocr_carea' id='block_1_2' title="bbox 527 763 1657 2008">
    <p class='ocr_par' dir='ltr' id='par_1_2' title="bbox 527 763 1657 1820">
     <span class='ocr_line' id='line_1_2' title="bbox 528 763 1573 866; baseline -0.002 -28"><span class='ocrx_word' id='word_1_3' title='bbox 528 765 636 866; x_wconf 91' lang='lat' dir='ltr'>posrto</span> <span class='ocrx_word' id='word_1_4' title='bbox 662 763 808 863; x_wconf 90' lang='lat' dir='ltr'>quidem,</span> <span class='ocrx_word' id='word_1_5' title='bbox 832 765 889 837; x_wconf 91' lang='lat' dir='ltr'>sed</span> <span class='ocrx_word' id='word_1_6' title='bbox 911 765 1105 838; x_wconf 85' lang='lat' dir='ltr'>obscurioris</span> <span class='ocrx_word' id='word_1_7' title='bbox 1127 763 1238 862; x_wconf 80' lang='lat' dir='ltr'>lapide</span> <span class='ocrx_word' id='word_1_8' title='bbox 1255 765 1376 836; x_wconf 91' lang='lat' dir='ltr'>coloris</span> <span class='ocrx_word' id='word_1_9' title='bbox 1393 767 1431 836; x_wconf 80' lang='grc' dir='ltr'>δι</span> <span class='ocrx_word' id='word_1_10' title='bbox 1444 765 1573 838; x_wconf 82' lang='lat' dir='ltr'>vilioris</span> 
     </span>
     <span class='ocr_line' id='line_1_3' title="bbox 530 871 1576 973; baseline -0.003 -28"><span class='ocrx_word' id='word_1_11' title='bbox 530 875 638 973; x_wconf 90' lang='lat' dir='ltr'>operis</span> <span class='ocrx_word' id='word_1_12' title='bbox 671 875 862 972; x_wconf 86' lang='lat' dir='ltr'>protegitur.</span> <span class='ocrx_word' id='word_1_13' title='bbox 897 874 1012 944; x_wconf 87' lang='lat' dir='ltr'>Trium</span> <span class='ocrx_word' id='word_1_14' title='bbox 1042 898 1176 969; x_wconf 89' lang='lat' dir='ltr'>quoque</span> <span class='ocrx_word' id='word_1_15' title='bbox 1208 873 1408 944; x_wconf 90' lang='lat' dir='ltr'>feminarum</span> <span class='ocrx_word' id='word_1_16' title='bbox 1438 871 1576 942; x_wconf 85' lang='lat' dir='ltr'>viliores</span> 
     </span>
     <span class='ocr_line' id='line_1_4' title="bbox 529 976 1576 1076; baseline -0.004 -24"><span class='ocrx_word' id='word_1_17' title='bbox 529 983 564 1052; x_wconf 76' lang='grc' dir='ltr'>δι</span> <span class='ocrx_word' id='word_1_18' title='bbox 581 982 724 1052; x_wconf 89' lang='lat' dir='ltr'>minores</span> <span class='ocrx_word' id='word_1_19' title='bbox 742 981 916 1050; x_wconf 87' lang='lat' dir='ltr'><strong>memorias</strong></span> <span class='ocrx_word' id='word_1_20' title='bbox 934 977 1058 1050; x_wconf 85' lang='lat' dir='ltr'>ibidem</span> <span class='ocrx_word' id='word_1_21' title='bbox 1070 979 1194 1076; x_wconf 87' lang='lat' dir='ltr'>aspexit</span> <span class='ocrx_word' id='word_1_22' title='bbox 1205 978 1368 1069; x_wconf 80' lang='lat' dir='ltr'>Arculfirs,</span> <span class='ocrx_word' id='word_1_23' title='bbox 1382 979 1462 1048; x_wconf 77' lang='lat' dir='ltr'>Sare</span> <span class='ocrx_word' id='word_1_24' title='bbox 1482 976 1576 1049; x_wconf 87' lang='lat' dir='ltr'>vide·</span> 
     </span>
     <span class='ocr_line' id='line_1_5' title="bbox 529 1083 1578 1176; baseline -0.005 -17"><span class='ocrx_word' id='word_1_25' title='bbox 529 1089 605 1160; x_wconf 89' lang='lat' dir='ltr'>licet</span> <span class='ocrx_word' id='word_1_26' title='bbox 630 1091 665 1159; x_wconf 78' lang='grc' dir='ltr'>ἃ</span> <span class='ocrx_word' id='word_1_27' title='bbox 682 1084 828 1158; x_wconf 86' lang='lat' dir='ltr'>Rebecce</span> <span class='ocrx_word' id='word_1_28' title='bbox 852 1089 887 1157; x_wconf 75' lang='grc' dir='ltr'>δε</span> <span class='ocrx_word' id='word_1_29' title='bbox 912 1087 984 1176; x_wconf 82' lang='lat' dir='ltr'>lie,</span> <span class='ocrx_word' id='word_1_30' title='bbox 1011 1086 1219 1157; x_wconf 89' lang='lat' dir='ltr'>humatarum</span> <span class='ocrx_word' id='word_1_31' title='bbox 1247 1087 1281 1156; x_wconf 92' lang='lat' dir='ltr'>in</span> <span class='ocrx_word' id='word_1_32' title='bbox 1309 1109 1405 1155; x_wconf 88' lang='lat' dir='ltr'>terra.</span> <span class='ocrx_word' id='word_1_33' title='bbox 1437 1083 1578 1154; x_wconf 89' lang='lat' dir='ltr'>lllorum</span> 
     </span>
     <span class='ocr_line' id='line_1_6' title="bbox 527 1191 1578 1290; baseline -0.003 -25"><span class='ocrx_word' id='word_1_34' title='bbox 527 1197 637 1290; x_wconf 90' lang='lat' dir='ltr'>itaque</span> <span class='ocrx_word' id='word_1_35' title='bbox 660 1193 916 1290; x_wconf 90' lang='lat' dir='ltr'>patriarcharum</span> <span class='ocrx_word' id='word_1_36' title='bbox 946 1193 1129 1288; x_wconf 89' lang='lat' dir='ltr'>sepulcralis</span> <span class='ocrx_word' id='word_1_37' title='bbox 1161 1193 1285 1289; x_wconf 86' lang='lat' dir='ltr'>agellus</span> <span class='ocrx_word' id='word_1_38' title='bbox 1317 1219 1337 1262; x_wconf 91' lang='lat' dir='ltr'>a</span> <span class='ocrx_word' id='word_1_39' title='bbox 1362 1217 1463 1262; x_wconf 93' lang='lat' dir='ltr'>muro</span> <span class='ocrx_word' id='word_1_40' title='bbox 1492 1191 1578 1262; x_wconf 86' lang='lat' dir='ltr'>illius</span> 
     </span>
     <span class='ocr_line' id='line_1_7' title="bbox 530 1295 1577 1395; baseline -0.004 -23"><span class='ocrx_word' id='word_1_41' title='bbox 530 1298 745 1395; x_wconf 86' lang='lat' dir='ltr'>antiquisfime</span> <span class='ocrx_word' id='word_1_42' title='bbox 780 1295 918 1371; x_wconf 84' lang='lat' dir='ltr'>Hebron</span> <span class='ocrx_word' id='word_1_43' title='bbox 952 1299 986 1367; x_wconf 92' lang='lat' dir='ltr'>in</span> <span class='ocrx_word' id='word_1_44' title='bbox 1019 1300 1112 1369; x_wconf 89' lang='lat' dir='ltr'>unius</span> <span class='ocrx_word' id='word_1_45' title='bbox 1145 1296 1238 1388; x_wconf 91' lang='lat' dir='ltr'>stadij</span> <span class='ocrx_word' id='word_1_46' title='bbox 1271 1299 1377 1395; x_wconf 84' lang='lat' dir='ltr'>spatio</span> <span class='ocrx_word' id='word_1_47' title='bbox 1407 1300 1577 1369; x_wconf 83' lang='lat' dir='ltr'>orientem</span> 
     </span>
     <span class='ocr_line' id='line_1_8' title="bbox 529 1402 1657 1506; baseline -0.003 -29"><span class='ocrx_word' id='word_1_48' title='bbox 529 1405 637 1479; x_wconf 90' lang='lat' dir='ltr'>versus</span> <span class='ocrx_word' id='word_1_49' title='bbox 654 1404 768 1476; x_wconf 85' lang='lat' dir='ltr'>distare</span> <span class='ocrx_word' id='word_1_50' title='bbox 780 1404 991 1502; x_wconf 86' lang='lat' dir='ltr'>dignoscitur.</span> <span class='ocrx_word' id='word_1_51' title='bbox 1010 1406 1088 1502; x_wconf 80' lang='lat' dir='ltr'>Que</span> <span class='ocrx_word' id='word_1_52' title='bbox 1104 1406 1216 1499; x_wconf 90' lang='lat' dir='ltr'>utique</span> <span class='ocrx_word' id='word_1_53' title='bbox 1231 1402 1383 1493; x_wconf 87' lang='lat' dir='ltr'>Hebron,</span> <span class='ocrx_word' id='word_1_54' title='bbox 1406 1429 1443 1474; x_wconf 93' lang='lat' dir='ltr'>ut</span> <span class='ocrx_word' id='word_1_55' title='bbox 1458 1404 1575 1496; x_wconf 86' lang='lat' dir='ltr'>fertur,</span> <span class='ocrx_word' id='word_1_56' title='bbox 1656 1457 1657 1506; x_wconf 38' lang='lat' dir='ltr'>p</span> 
     </span>
     <span class='ocr_line' id='line_1_9' title="bbox 531 1509 1574 1602; baseline -0.004 -18"><span class='ocrx_word' id='word_1_57' title='bbox 531 1536 605 1584; x_wconf 89' lang='lat' dir='ltr'>ante</span> <span class='ocrx_word' id='word_1_58' title='bbox 619 1537 746 1602; x_wconf 91' lang='lat' dir='ltr'>omnes,</span> <span class='ocrx_word' id='word_1_59' title='bbox 760 1536 829 1582; x_wconf 92' lang='lat' dir='ltr'>non</span> <span class='ocrx_word' id='word_1_60' title='bbox 843 1511 948 1582; x_wconf 90' lang='lat' dir='ltr'>solum</span> <span class='ocrx_word' id='word_1_61' title='bbox 961 1511 1122 1602; x_wconf 86' lang='lat' dir='ltr'>Palestine,</span> <span class='ocrx_word' id='word_1_62' title='bbox 1135 1513 1281 1583; x_wconf 90' lang='lat' dir='ltr'>civitates</span> <span class='ocrx_word' id='word_1_63' title='bbox 1295 1509 1434 1582; x_wconf 84' lang='lat' dir='ltr'>condita</span> <span class='ocrx_word' id='word_1_64' title='bbox 1453 1511 1574 1598; x_wconf 89' lang='lat' dir='ltr'>fuerat,</span> 
     </span>
     <span class='ocr_line' id='line_1_10' title="bbox 530 1615 1576 1716; baseline -0.003 -27"><span class='ocrx_word' id='word_1_65' title='bbox 530 1618 711 1690; x_wconf 92' lang='lat' dir='ltr'>sedetiam</span> <span class='ocrx_word' id='word_1_66' title='bbox 741 1618 902 1689; x_wconf 89' lang='lat' dir='ltr'>universas</span> <span class='ocrx_word' id='word_1_67' title='bbox 931 1618 1122 1716; x_wconf 76' lang='lat' dir='ltr'>Egyptiacas</span> <span class='ocrx_word' id='word_1_68' title='bbox 1147 1615 1241 1689; x_wconf 89' lang='lat' dir='ltr'>urbes</span> <span class='ocrx_word' id='word_1_69' title='bbox 1269 1619 1304 1687; x_wconf 91' lang='lat' dir='ltr'>in</span> <span class='ocrx_word' id='word_1_70' title='bbox 1333 1618 1389 1688; x_wconf 88' lang='lat' dir='ltr'>sua</span> <span class='ocrx_word' id='word_1_71' title='bbox 1422 1617 1576 1714; x_wconf 87' lang='lat' dir='ltr'>preceffit</span> 
     </span>
     <span class='ocr_line' id='line_1_11' title="bbox 530 1723 1451 1820; baseline -0.002 -23"><span class='ocrx_word' id='word_1_72' title='bbox 530 1723 737 1816; x_wconf 87' lang='lat' dir='ltr'>conditione,</span> <span class='ocrx_word' id='word_1_73' title='bbox 754 1749 819 1820; x_wconf 89' lang='lat' dir='ltr'>que</span> <span class='ocrx_word' id='word_1_74' title='bbox 836 1750 924 1795; x_wconf 93' lang='lat' dir='ltr'>nunc</span> <span class='ocrx_word' id='word_1_75' title='bbox 941 1725 1054 1796; x_wconf 84' lang='lat' dir='ltr'>misere</span> <span class='ocrx_word' id='word_1_76' title='bbox 1068 1725 1264 1795; x_wconf 88' lang='lat' dir='ltr'>monstratur</span> <span class='ocrx_word' id='word_1_77' title='bbox 1281 1723 1451 1795; x_wconf 70' lang='lat' dir='ltr'>destructa.</span> 
     </span>
    </p>

    <p class='ocr_par' dir='ltr' id='par_1_3' title="bbox 531 1828 1572 2008">
     <span class='ocr_line' id='line_1_12' title="bbox 580 1828 1572 1928; baseline -0.001 -26"><span class='ocrx_word' id='word_1_78' title='bbox 580 1833 656 1902; x_wconf 92' lang='lat' dir='ltr'>Huc</span> <span class='ocrx_word' id='word_1_79' title='bbox 679 1831 780 1926; x_wconf 92' lang='lat' dir='ltr'>usque</span> <span class='ocrx_word' id='word_1_80' title='bbox 805 1828 847 1901; x_wconf 91' lang='lat' dir='ltr'>de</span> <span class='ocrx_word' id='word_1_81' title='bbox 869 1831 1020 1927; x_wconf 84' lang='lat' dir='ltr'>sepulcris</span> <span class='ocrx_word' id='word_1_82' title='bbox 1042 1830 1298 1928; x_wconf 90' lang='lat' dir='ltr'>patriarcharum</span> <span class='ocrx_word' id='word_1_83' title='bbox 1323 1828 1465 1901; x_wconf 88' lang='lat' dir='ltr'>sufficiat</span> <span class='ocrx_word' id='word_1_84' title='bbox 1483 1855 1572 1901; x_wconf 89' lang='lat' dir='ltr'>cara-</span> 
     </span>
     <span class='ocr_line' id='line_1_13' title="bbox 531 1935 653 2008; baseline -0.008 0"><span class='ocrx_word' id='word_1_85' title='bbox 531 1935 653 2008; x_wconf 55' lang='lat' dir='ltr'>salle!</span> 
     </span>
    </p>
   </div>
   <div class='ocr_carea' id='block_1_3' title="bbox 765 2203 1327 2296">
    <p class='ocr_par' dir='ltr' id='par_1_4' title="bbox 765 2203 1327 2296">
     <span class='ocr_line' id='line_1_14' title="bbox 765 2203 1327 2296; baseline 0 -22"><span class='ocrx_word' id='word_1_86' title='bbox 765 2203 804 2274; x_wconf 91' lang='lat' dir='ltr'>X.</span> <span class='ocrx_word' id='word_1_87' title='bbox 828 2209 879 2273; x_wconf 77' lang='lat' dir='ltr'>De</span> <span class='ocrx_word' id='word_1_88' title='bbox 895 2204 973 2272; x_wconf 85' lang='lat' dir='ltr'>colle</span> <span class='ocrx_word' id='word_1_89' title='bbox 990 2203 1021 2274; x_wconf 69' lang='lat' dir='ltr'>st</span> <span class='ocrx_word' id='word_1_90' title='bbox 1040 2231 1147 2296; x_wconf 82' lang='lat' dir='ltr'>quercu</span> <span class='ocrx_word' id='word_1_91' title='bbox 1166 2205 1327 2275; x_wconf 67' lang='lat' dir='ltr'>Mambre.</span> 
     </span>
    </p>
   </div>
   <div class='ocr_carea' id='block_1_4' title="bbox 526 2393 1659 4202">
    <p class='ocr_par' dir='ltr' id='par_1_5' title="bbox 526 2393 1659 4202">
     <span class='ocr_line' id='line_1_15' title="bbox 582 2393 1568 2492; baseline -0.003 -24"><span class='ocrx_word' id='word_1_92' title='bbox 582 2398 733 2468; x_wconf 68' lang='lat' dir='ltr'>Mambre</span> <span class='ocrx_word' id='word_1_93' title='bbox 762 2393 855 2463; x_wconf 92' lang='lat' dir='ltr'>collis</span> <span class='ocrx_word' id='word_1_94' title='bbox 884 2393 973 2464; x_wconf 90' lang='lat' dir='ltr'>mille</span> <span class='ocrx_word' id='word_1_95' title='bbox 1001 2393 1142 2491; x_wconf 77' lang='lat' dir='ltr'>passibus</span> <span class='ocrx_word' id='word_1_96' title='bbox 1174 2421 1194 2466; x_wconf 93' lang='lat' dir='ltr'>a</span> <span class='ocrx_word' id='word_1_97' title='bbox 1222 2398 1452 2468; x_wconf 83' lang='lat' dir='ltr'>monumentis</span> <span class='ocrx_word' id='word_1_98' title='bbox 1478 2397 1568 2492; x_wconf 87' lang='lat' dir='ltr'>supra</span> 
     </span>
     <span class='ocr_line' id='line_1_16' title="bbox 532 2498 1570 2598; baseline 0 -26"><span class='ocrx_word' id='word_1_99' title='bbox 532 2500 711 2598; x_wconf 89' lang='lat' dir='ltr'>descriptis,</span> <span class='ocrx_word' id='word_1_100' title='bbox 736 2499 779 2570; x_wconf 90' lang='lat' dir='ltr'>ad</span> <span class='ocrx_word' id='word_1_101' title='bbox 802 2498 951 2592; x_wconf 86' lang='lat' dir='ltr'>boream,</span> <span class='ocrx_word' id='word_1_102' title='bbox 978 2500 1141 2596; x_wconf 84' lang='lat' dir='ltr'>separatus</span> <span class='ocrx_word' id='word_1_103' title='bbox 1163 2499 1273 2593; x_wconf 80' lang='lat' dir='ltr'>dislat,</span> <span class='ocrx_word' id='word_1_104' title='bbox 1296 2500 1454 2574; x_wconf 89' lang='lat' dir='ltr'>herbosus</span> <span class='ocrx_word' id='word_1_105' title='bbox 1478 2500 1570 2574; x_wconf 79' lang='lat' dir='ltr'>valde</span> 
     </span>
     <span class='ocr_line' id='line_1_17' title="bbox 532 2603 1567 2702; baseline 0 -23"><span class='ocrx_word' id='word_1_106' title='bbox 532 2611 567 2679; x_wconf 71' lang='grc' dir='ltr'>δι</span> <span class='ocrx_word' id='word_1_107' title='bbox 583 2606 728 2698; x_wconf 90' lang='lat' dir='ltr'>floridus,</span> <span class='ocrx_word' id='word_1_108' title='bbox 742 2606 914 2702; x_wconf 88' lang='lat' dir='ltr'>respiciens</span> <span class='ocrx_word' id='word_1_109' title='bbox 924 2603 1061 2678; x_wconf 89' lang='lat' dir='ltr'>Hebron</span> <span class='ocrx_word' id='word_1_110' title='bbox 1075 2605 1116 2678; x_wconf 90' lang='lat' dir='ltr'>ab</span> <span class='ocrx_word' id='word_1_111' title='bbox 1126 2609 1242 2678; x_wconf 75' lang='lat' dir='ltr'>Africo</span> <span class='ocrx_word' id='word_1_112' title='bbox 1258 2607 1314 2680; x_wconf 89' lang='lat' dir='ltr'>srbi</span> <span class='ocrx_word' id='word_1_113' title='bbox 1331 2633 1567 2681; x_wconf 90' lang='lat' dir='ltr'>occurrentem</span> 
     </span>
     <span class='ocr_line' id='line_1_18' title="bbox 534 2712 1567 2808; baseline -0.001 -23"><span class='ocrx_word' id='word_1_114' title='bbox 534 2713 624 2786; x_wconf 90' lang='lat' dir='ltr'>ldem</span> <span class='ocrx_word' id='word_1_115' title='bbox 646 2715 756 2808; x_wconf 90' lang='lat' dir='ltr'>itaque</span> <span class='ocrx_word' id='word_1_116' title='bbox 783 2713 991 2802; x_wconf 88' lang='lat' dir='ltr'>monticulus,</span> <span class='ocrx_word' id='word_1_117' title='bbox 1015 2712 1163 2785; x_wconf 87' lang='lat' dir='ltr'>Mambre</span> <span class='ocrx_word' id='word_1_118' title='bbox 1188 2717 1387 2807; x_wconf 83' lang='lat' dir='ltr'>nominatus,</span> <span class='ocrx_word' id='word_1_119' title='bbox 1412 2713 1515 2787; x_wconf 89' lang='lat' dir='ltr'>habet</span> <span class='ocrx_word' id='word_1_120' title='bbox 1538 2717 1567 2784; x_wconf 91' lang='lat' dir='ltr'>in</span> 
     </span>
     <span class='ocr_line' id='line_1_19' title="bbox 533 2813 1659 2918; baseline 0.001 -25"><span class='ocrx_word' id='word_1_121' title='bbox 533 2813 704 2893; x_wconf 87' lang='lat' dir='ltr'>cacumine</span> <span class='ocrx_word' id='word_1_122' title='bbox 728 2821 943 2918; x_wconf 88' lang='lat' dir='ltr'>campestrem</span> <span class='ocrx_word' id='word_1_123' title='bbox 968 2820 1148 2916; x_wconf 80' lang='lat' dir='ltr'>planitiem,</span> <span class='ocrx_word' id='word_1_124' title='bbox 1180 2820 1247 2912; x_wconf 92' lang='lat' dir='ltr'>ubi,</span> <span class='ocrx_word' id='word_1_125' title='bbox 1274 2821 1317 2893; x_wconf 91' lang='lat' dir='ltr'>ad</span> <span class='ocrx_word' id='word_1_126' title='bbox 1347 2823 1568 2918; x_wconf 86' lang='lat' dir='ltr'>aquilonalem</span> <span class='ocrx_word' id='word_1_127' title='bbox 1658 2882 1659 2914; x_wconf 66' lang='lat'>,</span> 
     </span>
     <span class='ocr_line' id='line_1_20' title="bbox 533 2927 1659 3026; baseline -0.002 -25"><span class='ocrx_word' id='word_1_128' title='bbox 533 2929 677 3002; x_wconf 91' lang='lat' dir='ltr'>eiusdem</span> <span class='ocrx_word' id='word_1_129' title='bbox 697 2929 876 2999; x_wconf 87' lang='lat' dir='ltr'>cacuminis</span> <span class='ocrx_word' id='word_1_130' title='bbox 900 2951 1039 3024; x_wconf 91' lang='lat' dir='ltr'>partem,</span> <span class='ocrx_word' id='word_1_131' title='bbox 1059 2927 1191 3025; x_wconf 90' lang='lat' dir='ltr'>lapidea</span> <span class='ocrx_word' id='word_1_132' title='bbox 1217 2955 1339 3026; x_wconf 91' lang='lat' dir='ltr'>magna</span> <span class='ocrx_word' id='word_1_133' title='bbox 1363 2927 1504 3001; x_wconf 87' lang='lat' dir='ltr'>fundata</span> <span class='ocrx_word' id='word_1_134' title='bbox 1528 2929 1568 3000; x_wconf 87' lang='lat' dir='ltr'>est</span> <span class='ocrx_word' id='word_1_135' title='bbox 1658 2975 1659 2990; x_wconf 64' lang='lat'>2</span> 
     </span>
     <span class='ocr_line' id='line_1_21' title="bbox 532 3034 1567 3134; baseline 0.001 -27"><span class='ocrx_word' id='word_1_136' title='bbox 532 3040 663 3134; x_wconf 77' lang='lat' dir='ltr'>eoeleste,</span> <span class='ocrx_word' id='word_1_137' title='bbox 686 3038 720 3106; x_wconf 92' lang='lat' dir='ltr'>in</span> <span class='ocrx_word' id='word_1_138' title='bbox 746 3037 836 3106; x_wconf 90' lang='lat' dir='ltr'>cuius</span> <span class='ocrx_word' id='word_1_139' title='bbox 861 3034 996 3106; x_wconf 87' lang='lat' dir='ltr'>dextrali</span> <span class='ocrx_word' id='word_1_140' title='bbox 1013 3060 1116 3132; x_wconf 87' lang='lat' dir='ltr'>parte,</span> <span class='ocrx_word' id='word_1_141' title='bbox 1135 3038 1217 3107; x_wconf 90' lang='lat' dir='ltr'>inter</span> <span class='ocrx_word' id='word_1_142' title='bbox 1238 3035 1323 3107; x_wconf 92' lang='lat' dir='ltr'>duos</span> <span class='ocrx_word' id='word_1_143' title='bbox 1340 3035 1475 3134; x_wconf 87' lang='lat' dir='ltr'>grandis</span> <span class='ocrx_word' id='word_1_144' title='bbox 1493 3038 1567 3108; x_wconf 93' lang='lat' dir='ltr'>eius·</span> 
     </span>
     <span class='ocr_line' id='line_1_22' title="bbox 533 3140 1567 3238; baseline -0.004 -22"><span class='ocrx_word' id='word_1_145' title='bbox 533 3144 611 3216; x_wconf 91' lang='lat' dir='ltr'>dem</span> <span class='ocrx_word' id='word_1_146' title='bbox 623 3140 750 3215; x_wconf 76' lang='lat' dir='ltr'>basilice</span> <span class='ocrx_word' id='word_1_147' title='bbox 762 3144 913 3238; x_wconf 87' lang='lat' dir='ltr'>parietes,</span> <span class='ocrx_word' id='word_1_148' title='bbox 927 3144 1046 3213; x_wconf 88' lang='lat' dir='ltr'>mirum</span> <span class='ocrx_word' id='word_1_149' title='bbox 1058 3141 1159 3236; x_wconf 72' lang='lat' dir='ltr'>dislu,</span> <span class='ocrx_word' id='word_1_150' title='bbox 1171 3171 1296 3236; x_wconf 82' lang='lat' dir='ltr'>quercus</span> <span class='ocrx_word' id='word_1_151' title='bbox 1306 3147 1460 3214; x_wconf 64' lang='lat' dir='ltr'>Mambre</span> <span class='ocrx_word' id='word_1_152' title='bbox 1474 3145 1567 3215; x_wconf 76' lang='lat' dir='ltr'>exstat</span> 
     </span>
     <span class='ocr_line' id='line_1_23' title="bbox 533 3248 1567 3345; baseline 0.002 -25"><span class='ocrx_word' id='word_1_153' title='bbox 533 3253 568 3321; x_wconf 93' lang='lat' dir='ltr'>in</span> <span class='ocrx_word' id='word_1_154' title='bbox 594 3277 676 3322; x_wconf 89' lang='lat' dir='ltr'>terra</span> <span class='ocrx_word' id='word_1_155' title='bbox 703 3249 857 3341; x_wconf 88' lang='lat' dir='ltr'>radicata,</span> <span class='ocrx_word' id='word_1_156' title='bbox 884 3275 949 3345; x_wconf 89' lang='lat' dir='ltr'>que</span> <span class='ocrx_word' id='word_1_157' title='bbox 974 3252 1008 3320; x_wconf 76' lang='grc' dir='ltr'>ἃ</span> <span class='ocrx_word' id='word_1_158' title='bbox 1033 3277 1156 3342; x_wconf 83' lang='lat' dir='ltr'>quercus</span> <span class='ocrx_word' id='word_1_159' title='bbox 1181 3255 1341 3320; x_wconf 76' lang='lat' dir='ltr'>osbrelram</span> <span class='ocrx_word' id='word_1_160' title='bbox 1366 3248 1505 3342; x_wconf 88' lang='lat' dir='ltr'>dicitur,</span> <span class='ocrx_word' id='word_1_161' title='bbox 1530 3275 1567 3322; x_wconf 87' lang='lat' dir='ltr'>eo</span> 
     </span>
     <span class='ocr_line' id='line_1_24' title="bbox 535 3355 1566 3454; baseline 0.001 -27"><span class='ocrx_word' id='word_1_162' title='bbox 535 3355 628 3454; x_wconf 93' lang='lat' dir='ltr'>quod</span> <span class='ocrx_word' id='word_1_163' title='bbox 646 3355 702 3429; x_wconf 91' lang='lat' dir='ltr'>sub</span> <span class='ocrx_word' id='word_1_164' title='bbox 716 3383 755 3428; x_wconf 89' lang='lat' dir='ltr'>ea</span> <span class='ocrx_word' id='word_1_165' title='bbox 771 3356 944 3452; x_wconf 90' lang='lat' dir='ltr'>quondam</span> <span class='ocrx_word' id='word_1_166' title='bbox 957 3357 1105 3453; x_wconf 79' lang='lat' dir='ltr'>Angelos</span> <span class='ocrx_word' id='word_1_167' title='bbox 1118 3356 1261 3452; x_wconf 89' lang='lat' dir='ltr'>hospitio</span> <span class='ocrx_word' id='word_1_168' title='bbox 1279 3358 1452 3453; x_wconf 91' lang='lat' dir='ltr'>receperit:</span> <span class='ocrx_word' id='word_1_169' title='bbox 1471 3382 1566 3452; x_wconf 88' lang='lat' dir='ltr'>quam</span> 
     </span>
     <span class='ocr_line' id='line_1_25' title="bbox 535 3460 1566 3559; baseline 0 -25"><span class='ocrx_word' id='word_1_170' title='bbox 535 3465 662 3536; x_wconf 76' lang='lat' dir='ltr'>sandius</span> <span class='ocrx_word' id='word_1_171' title='bbox 673 3465 896 3556; x_wconf 85' lang='lat' dir='ltr'>Hieronymus</span> <span class='ocrx_word' id='word_1_172' title='bbox 914 3461 990 3534; x_wconf 92' lang='lat' dir='ltr'>alibi</span> <span class='ocrx_word' id='word_1_173' title='bbox 1008 3487 1117 3533; x_wconf 93' lang='lat' dir='ltr'>narrat</span> <span class='ocrx_word' id='word_1_174' title='bbox 1131 3460 1173 3534; x_wconf 88' lang='lat' dir='ltr'>ab</span> <span class='ocrx_word' id='word_1_175' title='bbox 1187 3462 1325 3534; x_wconf 84' lang='lat' dir='ltr'>exordio</span> <span class='ocrx_word' id='word_1_176' title='bbox 1340 3462 1458 3534; x_wconf 92' lang='lat' dir='ltr'>mundi</span> <span class='ocrx_word' id='word_1_177' title='bbox 1473 3463 1566 3559; x_wconf 89' lang='lat' dir='ltr'>usque</span> 
     </span>
     <span class='ocr_line' id='line_1_26' title="bbox 535 3567 1565 3668; baseline 0 -26"><span class='ocrx_word' id='word_1_178' title='bbox 535 3569 578 3642; x_wconf 91' lang='lat' dir='ltr'>ad</span> <span class='ocrx_word' id='word_1_179' title='bbox 595 3571 805 3642; x_wconf 86' lang='lat' dir='ltr'>Constantini</span> <span class='ocrx_word' id='word_1_180' title='bbox 828 3573 912 3668; x_wconf 88' lang='lat' dir='ltr'>regis</span> <span class='ocrx_word' id='word_1_181' title='bbox 938 3571 1115 3666; x_wconf 89' lang='lat' dir='ltr'>imperium</span> <span class='ocrx_word' id='word_1_182' title='bbox 1136 3567 1358 3666; x_wconf 76' lang='lat' dir='ltr'>permansisse,</span> <span class='ocrx_word' id='word_1_183' title='bbox 1383 3572 1418 3640; x_wconf 69' lang='grc' dir='ltr'>ὅ(</span> <span class='ocrx_word' id='word_1_184' title='bbox 1437 3570 1565 3642; x_wconf 82' lang='lat' dir='ltr'>sortaslis</span> 
     </span>
     <span class='ocr_line' id='line_1_27' title="bbox 535 3674 1565 3774; baseline 0 -26"><span class='ocrx_word' id='word_1_185' title='bbox 535 3676 612 3748; x_wconf 90' lang='lat' dir='ltr'>ideo</span> <span class='ocrx_word' id='word_1_186' title='bbox 643 3702 712 3749; x_wconf 92' lang='lat' dir='ltr'>non</span> <span class='ocrx_word' id='word_1_187' title='bbox 743 3675 833 3768; x_wconf 83' lang='lat' dir='ltr'>dixit,</span> <span class='ocrx_word' id='word_1_188' title='bbox 864 3679 994 3774; x_wconf 90' lang='lat' dir='ltr'>penitus</span> <span class='ocrx_word' id='word_1_189' title='bbox 1026 3674 1190 3768; x_wconf 86' lang='lat' dir='ltr'>defecisse,</span> <span class='ocrx_word' id='word_1_190' title='bbox 1222 3679 1299 3771; x_wconf 88' lang='lat' dir='ltr'>quia</span> <span class='ocrx_word' id='word_1_191' title='bbox 1328 3674 1448 3747; x_wconf 88' lang='lat' dir='ltr'>eadem</span> <span class='ocrx_word' id='word_1_192' title='bbox 1478 3701 1565 3767; x_wconf 88' lang='lat' dir='ltr'>etate,</span> 
     </span>
     <span class='ocr_line' id='line_1_28' title="bbox 526 3781 1567 3881; baseline 0 -26"><span class='ocrx_word' id='word_1_193' title='bbox 526 3784 685 3880; x_wconf 37' lang='lat' dir='ltr'>*quamvis</span> <span class='ocrx_word' id='word_1_194' title='bbox 709 3809 779 3856; x_wconf 93' lang='lat' dir='ltr'>non</span> <span class='ocrx_word' id='word_1_195' title='bbox 806 3807 875 3855; x_wconf 92' lang='lat' dir='ltr'>tota</span> <span class='ocrx_word' id='word_1_196' title='bbox 902 3784 967 3876; x_wconf 90' lang='lat' dir='ltr'>illa,</span> <span class='ocrx_word' id='word_1_197' title='bbox 996 3783 1085 3854; x_wconf 80' lang='lat' dir='ltr'>scuti</span> <span class='ocrx_word' id='word_1_198' title='bbox 1108 3785 1196 3881; x_wconf 90' lang='lat' dir='ltr'>prius</span> <span class='ocrx_word' id='word_1_199' title='bbox 1223 3783 1338 3874; x_wconf 90' lang='lat' dir='ltr'>suerat,</span> <span class='ocrx_word' id='word_1_200' title='bbox 1364 3781 1567 3880; x_wconf 80' lang='lat' dir='ltr'>grandissima</span> 
     </span>
     <span class='ocr_line' id='line_1_29' title="bbox 538 3888 1566 3987; baseline -0.001 -24"><span class='ocrx_word' id='word_1_201' title='bbox 538 3915 674 3987; x_wconf 92' lang='lat' dir='ltr'>quercus</span> <span class='ocrx_word' id='word_1_202' title='bbox 692 3888 943 3980; x_wconf 86' lang='lat' dir='ltr'>monstrabatur,</span> <span class='ocrx_word' id='word_1_203' title='bbox 962 3915 1072 3961; x_wconf 92' lang='lat' dir='ltr'>tamen</span> <span class='ocrx_word' id='word_1_204' title='bbox 1095 3888 1231 3984; x_wconf 86' lang='lat' dir='ltr'>quidam</span> <span class='ocrx_word' id='word_1_205' title='bbox 1249 3912 1381 3959; x_wconf 91' lang='lat' dir='ltr'>truncus</span> <span class='ocrx_word' id='word_1_206' title='bbox 1403 3915 1566 3986; x_wconf 86' lang='lat' dir='ltr'>permanet</span> 
     </span>
     <span class='ocr_line' id='line_1_30' title="bbox 537 3993 1566 4096; baseline 0 -28"><span class='ocrx_word' id='word_1_207' title='bbox 537 3999 660 4094; x_wconf 91' lang='lat' dir='ltr'>spurius</span> <span class='ocrx_word' id='word_1_208' title='bbox 673 3996 834 4070; x_wconf 92' lang='lat' dir='ltr'>radicatus</span> <span class='ocrx_word' id='word_1_209' title='bbox 844 3999 878 4069; x_wconf 93' lang='lat' dir='ltr'>in</span> <span class='ocrx_word' id='word_1_210' title='bbox 893 4021 985 4087; x_wconf 90' lang='lat' dir='ltr'>terra,</span> <span class='ocrx_word' id='word_1_211' title='bbox 1001 3993 1058 4068; x_wconf 93' lang='lat' dir='ltr'>sub</span> <span class='ocrx_word' id='word_1_212' title='bbox 1072 3995 1203 4068; x_wconf 82' lang='lat' dir='ltr'>ecclefie</span> <span class='ocrx_word' id='word_1_213' title='bbox 1216 4002 1382 4093; x_wconf 63' lang='lat' dir='ltr'>protessus</span> <span class='ocrx_word' id='word_1_214' title='bbox 1396 3995 1566 4096; x_wconf 63' lang='lat' dir='ltr'>tegmine*</span> 
     </span>
     <span class='ocr_line' id='line_1_31' title="bbox 539 4102 1565 4202; baseline -0.002 -26"><span class='ocrx_word' id='word_1_215' title='bbox 539 4105 725 4176; x_wconf 90' lang='lat' dir='ltr'>mensuram</span> <span class='ocrx_word' id='word_1_216' title='bbox 747 4102 836 4200; x_wconf 82' lang='lat' dir='ltr'>quafi</span> <span class='ocrx_word' id='word_1_217' title='bbox 862 4104 1005 4175; x_wconf 90' lang='lat' dir='ltr'>duorum</span> <span class='ocrx_word' id='word_1_218' title='bbox 1025 4103 1242 4202; x_wconf 86' lang='lat' dir='ltr'>longitudinis</span> <span class='ocrx_word' id='word_1_219' title='bbox 1267 4106 1413 4176; x_wconf 93' lang='lat' dir='ltr'>virorum</span> <span class='ocrx_word' id='word_1_220' title='bbox 1435 4103 1565 4178; x_wconf 87' lang='lat' dir='ltr'>habens:</span> 
     </span>
    </p>
   </div>
   <div class='ocr_carea' id='block_1_5' title="bbox 573 4305 1251 4380">
    <p class='ocr_par' dir='ltr' id='par_1_6' title="bbox 573 4305 1251 4380">
     <span class='ocr_line' id='line_1_32' title="bbox 573 4305 1251 4380; baseline -0.003 -18"><span class='ocrx_word' id='word_1_221' title='bbox 573 4327 588 4362; x_wconf 81' lang='lat' dir='ltr'>a</span> <span class='ocrx_word' id='word_1_222' title='bbox 606 4313 705 4362; x_wconf 88' lang='lat' dir='ltr'>Huc...</span> <span class='ocrx_word' id='word_1_223' title='bbox 716 4307 841 4361; x_wconf 82' lang='lat' dir='ltr'>caraxalse</span> <span class='ocrx_word' id='word_1_224' title='bbox 853 4307 917 4380; x_wconf 80' lang='lat' dir='ltr'>deest</span> <span class='ocrx_word' id='word_1_225' title='bbox 927 4307 952 4360; x_wconf 80' lang='lat' dir='ltr'>in</span> <span class='ocrx_word' id='word_1_226' title='bbox 968 4311 996 4361; x_wconf 74' lang='lat' dir='ltr'>l.</span> <span class='ocrx_word' id='word_1_227' title='bbox 1011 4337 1043 4348; x_wconf 90' lang='lat'>-</span> <span class='ocrx_word' id='word_1_228' title='bbox 1058 4309 1084 4361; x_wconf 91' lang='lat' dir='ltr'>b.</span> <span class='ocrx_word' id='word_1_229' title='bbox 1099 4309 1130 4360; x_wconf 88' lang='lat' dir='ltr'>G.</span> <span class='ocrx_word' id='word_1_230' title='bbox 1146 4305 1251 4378; x_wconf 83' lang='lat' dir='ltr'>prefero.</span> 
     </span>
    </p>
   </div>
   <div class='ocr_carea' id='block_1_6' title="bbox 0 0 1691 5706">
    <p class='ocr_par' dir='ltr' id='par_1_7' title="bbox 0 0 1691 5706">
     <span class='ocr_line' id='line_1_33' title="bbox 0 0 1691 5706; baseline 0 0"><span class='ocrx_word' id='word_1_231' title='bbox 0 0 1691 5706; x_wconf 95' lang='lat' dir='ltr'> </span> 
     </span>
    </p>
   </div>
  </div>
 </body>
</html>
