<?xml version="1.0" encoding="UTF-8"?>
<!DOCTYPE html PUBLIC "-//W3C//DTD XHTML 1.0 Transitional//EN"
    "http://www.w3.org/TR/xhtml1/DTD/xhtml1-transitional.dtd">
<html xmlns="http://www.w3.org/1999/xhtml" xml:lang="en" lang="en">
 <head>
  <title>
</title>
<meta http-equiv="Content-Type" content="text/html;charset=utf-8" />
  <meta name='ocr-system' content='tesseract 3.04.00' />
  <meta name='ocr-capabilities' content='ocr_page ocr_carea ocr_par ocr_line ocrx_word'/>
</head>
<body>
  <div class='ocr_page' id='page_1' title='image "./itinerahierosol00berngoog_0055.png"; bbox 0 0 3448 5718; ppageno 0'>
   <div class='ocr_carea' id='block_1_1' title="bbox 294 3063 299 3102">
    <p class='ocr_par' dir='ltr' id='par_1_1' title="bbox 294 3063 299 3102">
     <span class='ocr_line' id='line_1_1' title="bbox 294 3063 299 3102; baseline 0 0"><span class='ocrx_word' id='word_1_1' title='bbox 294 3063 299 3102; x_wconf 83' lang='grc'>1</span> 
     </span>
    </p>
   </div>
   <div class='ocr_carea' id='block_1_2' title="bbox 485 523 1119 612">
    <p class='ocr_par' dir='ltr' id='par_1_2' title="bbox 485 523 1119 612">
     <span class='ocr_line' id='line_1_2' title="bbox 485 523 1119 612; baseline -0.005 -17"><span class='ocrx_word' id='word_1_2' title='bbox 485 523 549 612; x_wconf 81' lang='lat' dir='ltr'><strong>xlvj</strong></span> <span class='ocrx_word' id='word_1_3' title='bbox 896 539 1119 593; x_wconf 68' lang='lat' dir='ltr'><em>PRAEFATlo.</em></span> 
     </span>
    </p>
   </div>
   <div class='ocr_carea' id='block_1_3' title="bbox 479 752 1617 3283">
    <p class='ocr_par' dir='ltr' id='par_1_3' title="bbox 483 752 1523 1036">
     <span class='ocr_line' id='line_1_3' title="bbox 486 752 1521 844; baseline 0 -27"><span class='ocrx_word' id='word_1_4' title='bbox 486 754 563 819; x_wconf 84' lang='lat' dir='ltr'><em>Belli</em></span> <span class='ocrx_word' id='word_1_5' title='bbox 579 754 664 835; x_wconf 84' lang='lat' dir='ltr'><em>sacri,</em></span> <span class='ocrx_word' id='word_1_6' title='bbox 674 757 703 818; x_wconf 88' lang='lat' dir='ltr'><em>in</em></span> <span class='ocrx_word' id='word_1_7' title='bbox 715 755 800 818; x_wconf 88' lang='lat' dir='ltr'><em>libros</em></span> <span class='ocrx_word' id='word_1_8' title='bbox 813 752 844 818; x_wconf 89' lang='lat' dir='ltr'><em>V</em></span> <span class='ocrx_word' id='word_1_9' title='bbox 841 753 879 817; x_wconf 92' lang='lat' dir='ltr'><em>ll</em></span> <span class='ocrx_word' id='word_1_10' title='bbox 888 754 1001 842; x_wconf 86' lang='lat' dir='ltr'><em>divisa,</em></span> <span class='ocrx_word' id='word_1_11' title='bbox 1012 754 1249 839; x_wconf 83' lang='lat' dir='ltr'><em>Bernardumque</em></span> <span class='ocrx_word' id='word_1_12' title='bbox 1253 757 1413 844; x_wconf 86' lang='lat' dir='ltr'><em>sapientem</em></span> <span class='ocrx_word' id='word_1_13' title='bbox 1424 755 1521 838; x_wconf 92' lang='lat' dir='ltr'><em>appel·</em></span> 
     </span>
     <span class='ocr_line' id='line_1_4' title="bbox 484 851 1523 939; baseline -0.001 -25"><span class='ocrx_word' id='word_1_14' title='bbox 484 852 551 925; x_wconf 86' lang='lat' dir='ltr'><em>lat,·</em></span> <span class='ocrx_word' id='word_1_15' title='bbox 567 853 611 916; x_wconf 88' lang='lat' dir='ltr'><em>hic</em></span> <span class='ocrx_word' id='word_1_16' title='bbox 625 854 696 915; x_wconf 87' lang='lat' dir='ltr'><em>enim</em></span> <span class='ocrx_word' id='word_1_17' title='bbox 711 851 801 914; x_wconf 86' lang='lat' dir='ltr'><em>Scotus</em></span> <span class='ocrx_word' id='word_1_18' title='bbox 811 852 930 930; x_wconf 85' lang='lat' dir='ltr'><em>natione,</em></span> <span class='ocrx_word' id='word_1_19' title='bbox 943 851 991 914; x_wconf 92' lang='lat' dir='ltr'><em>illc</em></span> <span class='ocrx_word' id='word_1_20' title='bbox 1008 875 1077 916; x_wconf 85' lang='lat' dir='ltr'><em>uero</em></span> <span class='ocrx_word' id='word_1_21' title='bbox 1092 853 1223 918; x_wconf 86' lang='lat' dir='ltr'><em>Francus</em></span> <span class='ocrx_word' id='word_1_22' title='bbox 1231 886 1244 928; x_wconf 87' lang='lat'><em>,-</em></span> <span class='ocrx_word' id='word_1_23' title='bbox 1258 853 1301 917; x_wconf 89' lang='lat' dir='ltr'><em>hic</em></span> <span class='ocrx_word' id='word_1_24' title='bbox 1313 855 1351 916; x_wconf 85' lang='lat' dir='ltr'><em>X</em></span> <span class='ocrx_word' id='word_1_25' title='bbox 1347 853 1397 916; x_wconf 64' lang='grc' dir='ltr'><em>ΙΙΙο</em></span> <span class='ocrx_word' id='word_1_26' title='bbox 1405 853 1523 939; x_wconf 86' lang='lat' dir='ltr'><em>finiente</em></span> 
     </span>
     <span class='ocr_line' id='line_1_5' title="bbox 483 950 1035 1036; baseline 0 -24"><span class='ocrx_word' id='word_1_27' title='bbox 483 951 704 1036; x_wconf 74' lang='lat' dir='ltr'><em>floruitsaculo,</em></span> <span class='ocrx_word' id='word_1_28' title='bbox 717 950 763 1012; x_wconf 93' lang='lat' dir='ltr'><em>ille</em></span> <span class='ocrx_word' id='word_1_29' title='bbox 776 972 846 1011; x_wconf 88' lang='lat' dir='ltr'><em>vero</em></span> <span class='ocrx_word' id='word_1_30' title='bbox 859 971 927 1011; x_wconf 90' lang='lat' dir='ltr'><em>nono</em></span> <span class='ocrx_word' id='word_1_31' title='bbox 940 950 1035 1013; x_wconf 87' lang='lat' dir='ltr'><em>medio.</em></span> 
     </span>
    </p>

    <p class='ocr_par' dir='ltr' id='par_1_4' title="bbox 482 1047 1526 1914">
     <span class='ocr_line' id='line_1_6' title="bbox 525 1047 1524 1134; baseline -0.001 -24"><span class='ocrx_word' id='word_1_32' title='bbox 525 1048 675 1111; x_wconf 86' lang='lat' dir='ltr'><em>Bernardi</em></span> <span class='ocrx_word' id='word_1_33' title='bbox 698 1063 789 1110; x_wconf 88' lang='lat' dir='ltr'><em>autern</em></span> <span class='ocrx_word' id='word_1_34' title='bbox 809 1048 864 1110; x_wconf 88' lang='lat' dir='ltr'><em>iter</em></span> <span class='ocrx_word' id='word_1_35' title='bbox 877 1048 945 1132; x_wconf 86' lang='lat' dir='ltr'><em>fuit</em></span> <span class='ocrx_word' id='word_1_36' title='bbox 966 1048 1043 1110; x_wconf 85' lang='lat' dir='ltr'><em>illud</em></span> <span class='ocrx_word' id='word_1_37' title='bbox 1049 1073 1059 1111; x_wconf 94' lang='grc'><em>.·</em></span> <span class='ocrx_word' id='word_1_38' title='bbox 1088 1048 1182 1113; x_wconf 83' lang='lat' dir='ltr'><em>Roma</em></span> <span class='ocrx_word' id='word_1_39' title='bbox 1206 1049 1347 1134; x_wconf 76' lang='lat' dir='ltr'><em>digreſjus</em></span> <span class='ocrx_word' id='word_1_40' title='bbox 1365 1067 1427 1112; x_wconf 78' lang='lat' dir='ltr'><em>curn</em></span> <span class='ocrx_word' id='word_1_41' title='bbox 1437 1047 1524 1133; x_wconf 85' lang='lat' dir='ltr'><em>sociis</em></span> 
     </span>
     <span class='ocr_line' id='line_1_7' title="bbox 483 1143 1521 1230; baseline -0.002 -22"><span class='ocrx_word' id='word_1_42' title='bbox 483 1144 552 1230; x_wconf 81' lang='lat' dir='ltr'><em>suis,</em></span> <span class='ocrx_word' id='word_1_43' title='bbox 567 1144 697 1208; x_wconf 88' lang='lat' dir='ltr'><em>Mentem</em></span> <span class='ocrx_word' id='word_1_44' title='bbox 716 1146 742 1207; x_wconf 92' lang='lat' dir='ltr'><em>S.</em></span> <span class='ocrx_word' id='word_1_45' title='bbox 759 1143 871 1227; x_wconf 85' lang='lat' dir='ltr'><em>Angeli,</em></span> <span class='ocrx_word' id='word_1_46' title='bbox 891 1148 950 1207; x_wconf 85' lang='lat' dir='ltr'><em>iam</em></span> <span class='ocrx_word' id='word_1_47' title='bbox 969 1160 1033 1208; x_wconf 89' lang='lat' dir='ltr'><em>tunc</em></span> <span class='ocrx_word' id='word_1_48' title='bbox 1043 1149 1293 1230; x_wconf 81' lang='lat' dir='ltr'><em>peregrinantibus</em></span> <span class='ocrx_word' id='word_1_49' title='bbox 1312 1146 1521 1210; x_wconf 84' lang='lat' dir='ltr'><em>celeberrimum</em></span> 
     </span>
     <span class='ocr_line' id='line_1_8' title="bbox 486 1242 1523 1327; baseline -0.002 -22"><span class='ocrx_word' id='word_1_50' title='bbox 486 1244 582 1323; x_wconf 86' lang='lat' dir='ltr'><em>locum,</em></span> <span class='ocrx_word' id='word_1_51' title='bbox 604 1244 685 1322; x_wconf 87' lang='lat' dir='ltr'><em>adiit,</em></span> <span class='ocrx_word' id='word_1_52' title='bbox 708 1243 779 1304; x_wconf 89' lang='lat' dir='ltr'><em>unde</em></span> <span class='ocrx_word' id='word_1_53' title='bbox 802 1242 949 1324; x_wconf 81' lang='lat' dir='ltr'><em>AEgyptuon</em></span> <span class='ocrx_word' id='word_1_54' title='bbox 970 1244 1087 1307; x_wconf 80' lang='lat' dir='ltr'><em>deuenit.</em></span> <span class='ocrx_word' id='word_1_55' title='bbox 1112 1244 1183 1307; x_wconf 88' lang='lat' dir='ltr'><em>Inde</em></span> <span class='ocrx_word' id='word_1_56' title='bbox 1202 1243 1370 1327; x_wconf 83' lang='lat' dir='ltr'><em>Babylonia,</em></span> <span class='ocrx_word' id='word_1_57' title='bbox 1393 1259 1424 1306; x_wconf 91' lang='lat' dir='ltr'><em>ut</em></span> <span class='ocrx_word' id='word_1_58' title='bbox 1436 1242 1523 1324; x_wconf 85' lang='lat' dir='ltr'><em>uulgo</em></span> 
     </span>
     <span class='ocr_line' id='line_1_9' title="bbox 485 1339 1523 1427; baseline 0 -25"><span class='ocrx_word' id='word_1_59' title='bbox 485 1355 550 1403; x_wconf 90' lang='lat' dir='ltr'><em>tunc</em></span> <span class='ocrx_word' id='word_1_60' title='bbox 564 1342 709 1404; x_wconf 82' lang='lat' dir='ltr'><em>dicebatur</em></span> <span class='ocrx_word' id='word_1_61' title='bbox 723 1339 753 1402; x_wconf 86' lang='lat' dir='ltr'><em>le</em></span> <span class='ocrx_word' id='word_1_62' title='bbox 767 1339 870 1418; x_wconf 87' lang='lat' dir='ltr'><em>Caire,</em></span> <span class='ocrx_word' id='word_1_63' title='bbox 883 1339 991 1427; x_wconf 82' lang='lat' dir='ltr'><em>inuisa,</em></span> <span class='ocrx_word' id='word_1_64' title='bbox 1011 1357 1065 1424; x_wconf 88' lang='lat' dir='ltr'><em>per</em></span> <span class='ocrx_word' id='word_1_65' title='bbox 1085 1340 1306 1404; x_wconf 79' lang='lat' dir='ltr'><em>El-Warrado</em></span> <span class='ocrx_word' id='word_1_66' title='bbox 1327 1340 1464 1414; x_wconf 77' lang='lat' dir='ltr'><em>(Albam)</em></span> <span class='ocrx_word' id='word_1_67' title='bbox 1487 1341 1523 1402; x_wconf 57' lang='grc' dir='ltr'>ὅ</span> 
     </span>
     <span class='ocr_line' id='line_1_10' title="bbox 486 1436 1523 1529; baseline -0.001 -28"><span class='ocrx_word' id='word_1_68' title='bbox 486 1439 683 1502; x_wconf 84' lang='lat' dir='ltr'><em>El-Bokkaro</em></span> <span class='ocrx_word' id='word_1_69' title='bbox 698 1436 862 1512; x_wconf 83' lang='lat' dir='ltr'><em>(Albacara</em></span> <span class='ocrx_word' id='word_1_70' title='bbox 875 1447 903 1508; x_wconf 86' lang='lat'><em>¹)</em></span> <span class='ocrx_word' id='word_1_71' title='bbox 922 1437 1045 1523; x_wconf 69' lang='lat' dir='ltr'><em>transsit,</em></span> <span class='ocrx_word' id='word_1_72' title='bbox 1059 1453 1141 1521; x_wconf 81' lang='lat' dir='ltr'><em>atque</em></span> <span class='ocrx_word' id='word_1_73' title='bbox 1155 1439 1219 1502; x_wconf 80' lang='lat' dir='ltr'><em>inde</em></span> <span class='ocrx_word' id='word_1_74' title='bbox 1234 1437 1407 1529; x_wconf 72' lang='lat' dir='ltr'><em>El-Arhsch,</em></span> <span class='ocrx_word' id='word_1_75' title='bbox 1427 1436 1523 1501; x_wconf 86' lang='lat' dir='ltr'><em>Ram-</em></span> 
     </span>
     <span class='ocr_line' id='line_1_11' title="bbox 486 1534 1522 1624; baseline -0.001 -27"><span class='ocrx_word' id='word_1_76' title='bbox 486 1535 528 1598; x_wconf 91' lang='lat' dir='ltr'><em>leh</em></span> <span class='ocrx_word' id='word_1_77' title='bbox 543 1559 576 1598; x_wconf 89' lang='lat' dir='ltr'><em>ac</em></span> <span class='ocrx_word' id='word_1_78' title='bbox 590 1534 750 1624; x_wconf 84' lang='lat' dir='ltr'><em>Ierusalem</em></span> <span class='ocrx_word' id='word_1_79' title='bbox 764 1535 886 1613; x_wconf 84' lang='lat' dir='ltr'><em>devenit,</em></span> <span class='ocrx_word' id='word_1_80' title='bbox 900 1535 1054 1619; x_wconf 70' lang='lat' dir='ltr'><em>Sanctaque</em></span> <span class='ocrx_word' id='word_1_81' title='bbox 1075 1536 1152 1598; x_wconf 91' lang='lat' dir='ltr'><em>Loca</em></span> <span class='ocrx_word' id='word_1_82' title='bbox 1173 1535 1316 1622; x_wconf 85' lang='lat' dir='ltr'><em>uiſstavit.</em></span> <span class='ocrx_word' id='word_1_83' title='bbox 1341 1535 1436 1599; x_wconf 91' lang='lat' dir='ltr'><em>Mari</em></span> <span class='ocrx_word' id='word_1_84' title='bbox 1453 1551 1522 1599; x_wconf 89' lang='lat' dir='ltr'><em>tan-</em></span> 
     </span>
     <span class='ocr_line' id='line_1_12' title="bbox 486 1632 1523 1721; baseline -0.001 -25"><span class='ocrx_word' id='word_1_85' title='bbox 486 1635 546 1696; x_wconf 85' lang='lat' dir='ltr'><em>dem</em></span> <span class='ocrx_word' id='word_1_86' title='bbox 569 1634 674 1721; x_wconf 86' lang='lat' dir='ltr'><em>rursus</em></span> <span class='ocrx_word' id='word_1_87' title='bbox 701 1634 836 1709; x_wconf 79' lang='lat' dir='ltr'><em>invectos,</em></span> <span class='ocrx_word' id='word_1_88' title='bbox 864 1633 922 1716; x_wconf 89' lang='lat' dir='ltr'><em>post</em></span> <span class='ocrx_word' id='word_1_89' title='bbox 943 1634 1154 1714; x_wconf 86' lang='lat' dir='ltr'><em>navigationem</em></span> <span class='ocrx_word' id='word_1_90' title='bbox 1178 1632 1246 1696; x_wconf 76' lang='lat' dir='ltr'><em>LX</em></span> <span class='ocrx_word' id='word_1_91' title='bbox 1265 1634 1375 1697; x_wconf 80' lang='lat' dir='ltr'><em>dierunt</em></span> <span class='ocrx_word' id='word_1_92' title='bbox 1399 1632 1523 1696; x_wconf 81' lang='lat' dir='ltr'><em>ltaliam</em></span> 
     </span>
     <span class='ocr_line' id='line_1_13' title="bbox 482 1727 1526 1814; baseline -0.002 -20"><span class='ocrx_word' id='word_1_93' title='bbox 482 1732 617 1814; x_wconf 76' lang='lat' dir='ltr'><em>pervenit</em></span> <span class='ocrx_word' id='word_1_94' title='bbox 629 1754 662 1794; x_wconf 90' lang='lat' dir='ltr'><em>ac</em></span> <span class='ocrx_word' id='word_1_95' title='bbox 681 1730 795 1812; x_wconf 89' lang='lat' dir='ltr'><em>denique</em></span> <span class='ocrx_word' id='word_1_96' title='bbox 809 1727 978 1809; x_wconf 85' lang='lat' dir='ltr'><em>Franciaon,</em></span> <span class='ocrx_word' id='word_1_97' title='bbox 1002 1732 1031 1793; x_wconf 91' lang='lat' dir='ltr'><em>in</em></span> <span class='ocrx_word' id='word_1_98' title='bbox 1046 1752 1102 1812; x_wconf 87' lang='lat' dir='ltr'><em>qua</em></span> <span class='ocrx_word' id='word_1_99' title='bbox 1124 1732 1150 1793; x_wconf 90' lang='lat' dir='ltr'><em>S.</em></span> <span class='ocrx_word' id='word_1_100' title='bbox 1166 1730 1324 1794; x_wconf 79' lang='lat' dir='ltr'><em>Michaelis</em></span> <span class='ocrx_word' id='word_1_101' title='bbox 1346 1732 1377 1793; x_wconf 93' lang='lat' dir='ltr'><em>in</em></span> <span class='ocrx_word' id='word_1_102' title='bbox 1392 1730 1526 1794; x_wconf 79' lang='lat' dir='ltr'><em>Pericula</em></span> 
     </span>
     <span class='ocr_line' id='line_1_14' title="bbox 487 1828 1051 1914; baseline 0 -23"><span class='ocrx_word' id='word_1_103' title='bbox 487 1828 594 1892; x_wconf 90' lang='lat' dir='ltr'><em>Maris</em></span> <span class='ocrx_word' id='word_1_104' title='bbox 607 1828 803 1913; x_wconf 72' lang='lat' dir='ltr'><em>montisteriu‘on</em></span> <span class='ocrx_word' id='word_1_105' title='bbox 816 1828 940 1914; x_wconf 85' lang='lat' dir='ltr'><em>invisere</em></span> <span class='ocrx_word' id='word_1_106' title='bbox 954 1828 1051 1891; x_wconf 87' lang='lat' dir='ltr'><em>voluit.</em></span> 
     </span>
    </p>

    <p class='ocr_par' dir='ltr' id='par_1_5' title="bbox 479 1924 1617 3283">
     <span class='ocr_line' id='line_1_15' title="bbox 527 1924 1527 2013; baseline -0.002 -23"><span class='ocrx_word' id='word_1_107' title='bbox 527 1927 586 2013; x_wconf 81' lang='lat' dir='ltr'><em>Etst</em></span> <span class='ocrx_word' id='word_1_108' title='bbox 598 1942 690 1990; x_wconf 86' lang='lat' dir='ltr'><em>autern</em></span> <span class='ocrx_word' id='word_1_109' title='bbox 704 1927 733 1988; x_wconf 93' lang='lat' dir='ltr'><em>in</em></span> <span class='ocrx_word' id='word_1_110' title='bbox 745 1925 798 1988; x_wconf 90' lang='lat' dir='ltr'><em>hac</em></span> <span class='ocrx_word' id='word_1_111' title='bbox 809 1926 959 1988; x_wconf 84' lang='lat' dir='ltr'><em>Bernardi</em></span> <span class='ocrx_word' id='word_1_112' title='bbox 968 1925 1102 1989; x_wconf 86' lang='lat' dir='ltr'><em>relatione</em></span> <span class='ocrx_word' id='word_1_113' title='bbox 1109 1926 1270 2012; x_wconf 87' lang='lat' dir='ltr'><em>paucaſsnt</em></span> <span class='ocrx_word' id='word_1_114' title='bbox 1281 1927 1313 1989; x_wconf 88' lang='lat' dir='ltr'><em>de</em></span> <span class='ocrx_word' id='word_1_115' title='bbox 1325 1924 1407 1990; x_wconf 85' lang='lat' dir='ltr'><em>Locis</em></span> <span class='ocrx_word' id='word_1_116' title='bbox 1418 1925 1527 1989; x_wconf 74' lang='lat' dir='ltr'><em>Sanctis</em></span> 
     </span>
     <span class='ocr_line' id='line_1_16' title="bbox 488 2022 1527 2109; baseline -0.004 -20"><span class='ocrx_word' id='word_1_117' title='bbox 488 2027 591 2103; x_wconf 87' lang='lat' dir='ltr'><em>verba,</em></span> <span class='ocrx_word' id='word_1_118' title='bbox 603 2047 656 2086; x_wconf 87' lang='lat' dir='ltr'><em>non</em></span> <span class='ocrx_word' id='word_1_119' title='bbox 671 2025 704 2086; x_wconf 91' lang='lat' dir='ltr'><em>id</em></span> <span class='ocrx_word' id='word_1_120' title='bbox 714 2038 778 2107; x_wconf 84' lang='lat' dir='ltr'><em>opus</em></span> <span class='ocrx_word' id='word_1_121' title='bbox 793 2025 898 2086; x_wconf 87' lang='lat' dir='ltr'><em>connino</em></span> <span class='ocrx_word' id='word_1_122' title='bbox 912 2024 1115 2106; x_wconf 84' lang='lat' dir='ltr'><em>negligendum,</em></span> <span class='ocrx_word' id='word_1_123' title='bbox 1134 2039 1223 2109; x_wconf 78' lang='lat' dir='ltr'><em>utpote</em></span> <span class='ocrx_word' id='word_1_124' title='bbox 1236 2025 1311 2105; x_wconf 82' lang='lat' dir='ltr'><em>quod</em></span> <span class='ocrx_word' id='word_1_125' title='bbox 1327 2023 1402 2086; x_wconf 85' lang='lat' dir='ltr'><em>mille</em></span> <span class='ocrx_word' id='word_1_126' title='bbox 1425 2022 1527 2085; x_wconf 88' lang='lat' dir='ltr'><em>abhinc</em></span> 
     </span>
     <span class='ocr_line' id='line_1_17' title="bbox 489 2120 1527 2211; baseline -0.002 -25"><span class='ocrx_word' id='word_1_127' title='bbox 489 2123 719 2211; x_wconf 84' lang='lat' dir='ltr'><em>annesscriptum</em></span> <span class='ocrx_word' id='word_1_128' title='bbox 730 2120 781 2207; x_wconf 79' lang='lat' dir='ltr'><em>stt,</em></span> <span class='ocrx_word' id='word_1_129' title='bbox 800 2123 834 2184; x_wconf 63' lang='lat' dir='ltr'><em>El</em></span> <span class='ocrx_word' id='word_1_130' title='bbox 854 2125 891 2183; x_wconf 89' lang='lat' dir='ltr'><em>ab</em></span> <span class='ocrx_word' id='word_1_131' title='bbox 912 2122 970 2209; x_wconf 84' lang='lat' dir='ltr'><em>ipso</em></span> <span class='ocrx_word' id='word_1_132' title='bbox 985 2131 1097 2186; x_wconf 72' lang='lat' dir='ltr'><em>auctore</em></span> <span class='ocrx_word' id='word_1_133' title='bbox 1119 2123 1276 2208; x_wconf 84' lang='lat' dir='ltr'><em>absolutum</em></span> <span class='ocrx_word' id='word_1_134' title='bbox 1291 2121 1436 2184; x_wconf 75' lang='lat' dir='ltr'><em>videone.</em></span> <span class='ocrx_word' id='word_1_135' title='bbox 1460 2120 1527 2184; x_wconf 90' lang='lat' dir='ltr'><em>Hoc</em></span> 
     </span>
     <span class='ocr_line' id='line_1_18' title="bbox 489 2219 1527 2302; baseline -0.001 -18"><span class='ocrx_word' id='word_1_136' title='bbox 489 2237 581 2284; x_wconf 87' lang='lat' dir='ltr'><em>autern</em></span> <span class='ocrx_word' id='word_1_137' title='bbox 595 2235 666 2283; x_wconf 88' lang='lat' dir='ltr'><em>certe</em></span> <span class='ocrx_word' id='word_1_138' title='bbox 677 2219 851 2298; x_wconf 89' lang='lat' dir='ltr'><em>mirandum,</em></span> <span class='ocrx_word' id='word_1_139' title='bbox 865 2219 939 2301; x_wconf 86' lang='lat' dir='ltr'><em>quod</em></span> <span class='ocrx_word' id='word_1_140' title='bbox 950 2242 983 2282; x_wconf 87' lang='lat' dir='ltr'><em>ea</em></span> <span class='ocrx_word' id='word_1_141' title='bbox 999 2242 1061 2301; x_wconf 86' lang='lat' dir='ltr'><em>qua</em></span> <span class='ocrx_word' id='word_1_142' title='bbox 1076 2219 1119 2281; x_wconf 89' lang='lat' dir='ltr'><em>ad</em></span> <span class='ocrx_word' id='word_1_143' title='bbox 1122 2219 1378 2302; x_wconf 84' lang='lat' dir='ltr'><em>peregrinationem</em></span> <span class='ocrx_word' id='word_1_144' title='bbox 1391 2241 1444 2280; x_wconf 91' lang='lat' dir='ltr'><em>non</em></span> <span class='ocrx_word' id='word_1_145' title='bbox 1454 2234 1527 2302; x_wconf 89' lang='lat' dir='ltr'><em>pcr-</em></span> 
     </span>
     <span class='ocr_line' id='line_1_19' title="bbox 488 2316 1524 2400; baseline -0.004 -17"><span class='ocrx_word' id='word_1_146' title='bbox 488 2319 585 2399; x_wconf 85' lang='lat' dir='ltr'><em>tinent,</em></span> <span class='ocrx_word' id='word_1_147' title='bbox 603 2318 737 2380; x_wconf 84' lang='lat' dir='ltr'><em>maiorem</em></span> <span class='ocrx_word' id='word_1_148' title='bbox 751 2317 838 2378; x_wconf 87' lang='lat' dir='ltr'><em>locum</em></span> <span class='ocrx_word' id='word_1_149' title='bbox 858 2318 886 2378; x_wconf 90' lang='lat' dir='ltr'><em>in</em></span> <span class='ocrx_word' id='word_1_150' title='bbox 900 2317 957 2379; x_wconf 84' lang='lat' dir='ltr'><em>eius</em></span> <span class='ocrx_word' id='word_1_151' title='bbox 970 2317 1139 2380; x_wconf 88' lang='lat' dir='ltr'><em>narratione</em></span> <span class='ocrx_word' id='word_1_152' title='bbox 1152 2330 1286 2400; x_wconf 81' lang='lat' dir='ltr'><em>occupent.</em></span> <span class='ocrx_word' id='word_1_153' title='bbox 1302 2316 1341 2378; x_wconf 90' lang='lat' dir='ltr'><em>N</em></span> <span class='ocrx_word' id='word_1_154' title='bbox 1339 2317 1426 2380; x_wconf 87' lang='lat' dir='ltr'><em>otabis</em></span> <span class='ocrx_word' id='word_1_155' title='bbox 1440 2318 1524 2380; x_wconf 85' lang='lat' dir='ltr'><em>etiam</em></span> 
     </span>
     <span class='ocr_line' id='line_1_20' title="bbox 489 2413 1524 2503; baseline -0.004 -23"><span class='ocrx_word' id='word_1_156' title='bbox 489 2418 546 2480; x_wconf 88' lang='lat' dir='ltr'><em>eius</em></span> <span class='ocrx_word' id='word_1_157' title='bbox 560 2417 592 2478; x_wconf 84' lang='lat' dir='ltr'><em>de</em></span> <span class='ocrx_word' id='word_1_158' title='bbox 603 2416 707 2501; x_wconf 76' lang='lat' dir='ltr'><em>sanbto</em></span> <span class='ocrx_word' id='word_1_159' title='bbox 720 2416 782 2496; x_wconf 83' lang='lat' dir='ltr'><em>igne</em></span> <span class='ocrx_word' id='word_1_160' title='bbox 801 2415 830 2476; x_wconf 89' lang='lat' dir='ltr'><em>in</em></span> <span class='ocrx_word' id='word_1_161' title='bbox 850 2413 996 2497; x_wconf 80' lang='lat' dir='ltr'><em>Sepulchri</em></span> <span class='ocrx_word' id='word_1_162' title='bbox 1014 2413 1124 2500; x_wconf 84' lang='lat' dir='ltr'><em>ecchſsa</em></span> <span class='ocrx_word' id='word_1_163' title='bbox 1146 2417 1249 2494; x_wconf 87' lang='lat' dir='ltr'><em>verba,</em></span> <span class='ocrx_word' id='word_1_164' title='bbox 1275 2415 1309 2477; x_wconf 57' lang='grc' dir='ltr'>ὕ</span> <span class='ocrx_word' id='word_1_165' title='bbox 1333 2417 1447 2496; x_wconf 84' lang='lat' dir='ltr'><em>quadiu</em></span> <span class='ocrx_word' id='word_1_166' title='bbox 1461 2415 1524 2503; x_wconf 86' lang='lat' dir='ltr'><em>des-</em></span> 
     </span>
     <span class='ocr_line' id='line_1_21' title="bbox 488 2510 1527 2598; baseline 0 -22"><span class='ocrx_word' id='word_1_167' title='bbox 488 2514 620 2596; x_wconf 89' lang='lat' dir='ltr'><em>criptione</em></span> <span class='ocrx_word' id='word_1_168' title='bbox 633 2513 752 2598; x_wconf 82' lang='lat' dir='ltr'><em>eiusdem</em></span> <span class='ocrx_word' id='word_1_169' title='bbox 768 2511 885 2597; x_wconf 69' lang='lat' dir='ltr'><em>ccclesia</em></span> <span class='ocrx_word' id='word_1_170' title='bbox 899 2510 986 2574; x_wconf 86' lang='lat' dir='ltr'><em>Beda</em></span> <span class='ocrx_word' id='word_1_171' title='bbox 1004 2510 1170 2574; x_wconf 86' lang='lat' dir='ltr'><em>Historiam</em></span> <span class='ocrx_word' id='word_1_172' title='bbox 1186 2511 1361 2594; x_wconf 88' lang='lat' dir='ltr'><em>Anglorum</em></span> <span class='ocrx_word' id='word_1_173' title='bbox 1376 2513 1527 2576; x_wconf 84' lang='lat' dir='ltr'><em>brevitatis</em></span> 
     </span>
     <span class='ocr_line' id='line_1_22' title="bbox 483 2609 1527 2695; baseline -0.003 -20"><span class='ocrx_word' id='word_1_174' title='bbox 483 2613 588 2695; x_wconf 88' lang='lat' dir='ltr'><em>gratia</em></span> <span class='ocrx_word' id='word_1_175' title='bbox 610 2611 720 2674; x_wconf 71' lang='lat' dir='ltr'><em>latores</em></span> <span class='ocrx_word' id='word_1_176' title='bbox 741 2609 831 2693; x_wconf 86' lang='lat' dir='ltr'><em>legere</em></span> <span class='ocrx_word' id='word_1_177' title='bbox 853 2611 928 2672; x_wconf 86' lang='lat' dir='ltr'><em>iubet</em></span> <span class='ocrx_word' id='word_1_178' title='bbox 952 2611 1037 2695; x_wconf 85' lang='lat' dir='ltr'><em>(pag.</em></span> <span class='ocrx_word' id='word_1_179' title='bbox 1054 2619 1132 2693; x_wconf 81' lang='lat'><em>315).</em></span> <span class='ocrx_word' id='word_1_180' title='bbox 1158 2609 1214 2672; x_wconf 82' lang='lat' dir='ltr'><em>Sed</em></span> <span class='ocrx_word' id='word_1_181' title='bbox 1232 2610 1274 2672; x_wconf 92' lang='lat' dir='ltr'><em>ibi</em></span> <span class='ocrx_word' id='word_1_182' title='bbox 1291 2625 1350 2672; x_wconf 88' lang='lat' dir='ltr'><em>tam</em></span> <span class='ocrx_word' id='word_1_183' title='bbox 1369 2611 1527 2695; x_wconf 84' lang='lat' dir='ltr'><em>vitiataest</em></span> 
     </span>
     <span class='ocr_line' id='line_1_23' title="bbox 481 2707 1527 2796; baseline -0.002 -24"><span class='ocrx_word' id='word_1_184' title='bbox 481 2710 646 2796; x_wconf 86' lang='lat' dir='ltr'><em>scriptura,</em></span> <span class='ocrx_word' id='word_1_185' title='bbox 669 2725 701 2772; x_wconf 92' lang='lat' dir='ltr'><em>ut</em></span> <span class='ocrx_word' id='word_1_186' title='bbox 720 2731 781 2770; x_wconf 91' lang='lat' dir='ltr'><em>eam</em></span> <span class='ocrx_word' id='word_1_187' title='bbox 797 2711 826 2770; x_wconf 90' lang='lat' dir='ltr'><em>in</em></span> <span class='ocrx_word' id='word_1_188' title='bbox 845 2707 942 2770; x_wconf 82' lang='lat' dir='ltr'><em>melius</em></span> <span class='ocrx_word' id='word_1_189' title='bbox 957 2722 1070 2770; x_wconf 86' lang='lat' dir='ltr'><em>mutare</em></span> <span class='ocrx_word' id='word_1_190' title='bbox 1094 2707 1192 2769; x_wconf 84' lang='lat' dir='ltr'><em>debeat</em></span> <span class='ocrx_word' id='word_1_191' title='bbox 1210 2707 1298 2770; x_wconf 86' lang='lat' dir='ltr'><em>editor</em></span> <span class='ocrx_word' id='word_1_192' title='bbox 1304 2738 1316 2779; x_wconf 86' lang='lat'><em>‚·</em></span> <span class='ocrx_word' id='word_1_193' title='bbox 1337 2717 1435 2772; x_wconf 75' lang='lat' dir='ltr'><em>aanor</em></span> <span class='ocrx_word' id='word_1_194' title='bbox 1455 2710 1527 2770; x_wconf 85' lang='lat' dir='ltr'><em>enirn</em></span> 
     </span>
     <span class='ocr_line' id='line_1_24' title="bbox 479 2804 1617 2895; baseline -0.004 -24"><span class='ocrx_word' id='word_1_195' title='bbox 479 2808 591 2895; x_wconf 83' lang='lat' dir='ltr'><em>sapius</em></span> <span class='ocrx_word' id='word_1_196' title='bbox 607 2807 640 2868; x_wconf 91' lang='lat' dir='ltr'><em>dc</em></span> <span class='ocrx_word' id='word_1_197' title='bbox 656 2805 713 2868; x_wconf 89' lang='lat' dir='ltr'><em>illis</em></span> <span class='ocrx_word' id='word_1_198' title='bbox 726 2822 848 2887; x_wconf 87' lang='lat' dir='ltr'><em>quatuor</em></span> <span class='ocrx_word' id='word_1_199' title='bbox 859 2804 972 2890; x_wconf 83' lang='lat' dir='ltr'><em>ecclestis</em></span> <span class='ocrx_word' id='word_1_200' title='bbox 985 2805 1120 2886; x_wconf 87' lang='lat' dir='ltr'><em>loquitur,</em></span> <span class='ocrx_word' id='word_1_201' title='bbox 1134 2826 1196 2886; x_wconf 89' lang='lat' dir='ltr'><em>qua</em></span> <span class='ocrx_word' id='word_1_202' title='bbox 1211 2805 1294 2888; x_wconf 83' lang='lat' dir='ltr'><em>apud</em></span> <span class='ocrx_word' id='word_1_203' title='bbox 1300 2804 1410 2867; x_wconf 88' lang='lat' dir='ltr'><em>Bedam</em></span> <span class='ocrx_word' id='word_1_204' title='bbox 1424 2829 1525 2868; x_wconf 84' lang='lat' dir='ltr'><em>onemo-</em></span> <span class='ocrx_word' id='word_1_205' title='bbox 1615 2875 1617 2879; x_wconf 22' lang='lat'><strong>¹</strong></span> 
     </span>
     <span class='ocr_line' id='line_1_25' title="bbox 488 2902 1526 2985; baseline -0.002 -17"><span class='ocrx_word' id='word_1_206' title='bbox 488 2923 606 2969; x_wconf 87' lang='lat' dir='ltr'><em>rantur:</em></span> <span class='ocrx_word' id='word_1_207' title='bbox 620 2905 691 2966; x_wconf 84' lang='lat' dir='ltr'><em>duas</em></span> <span class='ocrx_word' id='word_1_208' title='bbox 701 2918 793 2966; x_wconf 87' lang='lat' dir='ltr'><em>autem</em></span> <span class='ocrx_word' id='word_1_209' title='bbox 804 2917 913 2966; x_wconf 88' lang='lat' dir='ltr'><em>tantum</em></span> <span class='ocrx_word' id='word_1_210' title='bbox 924 2903 1050 2974; x_wconf 58' lang='lat' dir='ltr'><em>indicae·</em></span> <span class='ocrx_word' id='word_1_211' title='bbox 1064 2902 1137 2964; x_wconf 89' lang='lat' dir='ltr'><em>locus</em></span> <span class='ocrx_word' id='word_1_212' title='bbox 1150 2903 1245 2984; x_wconf 83' lang='lat' dir='ltr'><em>itaque</em></span> <span class='ocrx_word' id='word_1_213' title='bbox 1259 2902 1307 2964; x_wconf 93' lang='lat' dir='ltr'><em>ille</em></span> <span class='ocrx_word' id='word_1_214' title='bbox 1309 2903 1391 2985; x_wconf 87' lang='lat' dir='ltr'><em>sorte</em></span> <span class='ocrx_word' id='word_1_215' title='bbox 1406 2904 1448 2966; x_wconf 92' lang='lat' dir='ltr'><em>ita</em></span> <span class='ocrx_word' id='word_1_216' title='bbox 1462 2927 1526 2966; x_wconf 90' lang='lat' dir='ltr'><em>cor·</em></span> 
     </span>
     <span class='ocr_line' id='line_1_26' title="bbox 488 2999 1527 3086; baseline -0.004 -18"><span class='ocrx_word' id='word_1_217' title='bbox 488 3003 640 3086; x_wconf 85' lang='lat' dir='ltr'><em>rigendus,·</em></span> <span class='ocrx_word' id='word_1_218' title='bbox 653 3001 708 3064; x_wconf 89' lang='lat' dir='ltr'><em>loco</em></span> <span class='ocrx_word' id='word_1_219' title='bbox 725 3026 737 3058; x_wconf 86' lang='lat'><strong>‹</strong></span> <span class='ocrx_word' id='word_1_220' title='bbox 753 3022 812 3063; x_wconf 86' lang='lat' dir='ltr'><em>una</em></span> <span class='ocrx_word' id='word_1_221' title='bbox 823 2999 967 3062; x_wconf 90' lang='lat' dir='ltr'><em>videlicet</em></span> <span class='ocrx_word' id='word_1_222' title='bbox 982 3000 1019 3063; x_wconf 87' lang='lat' dir='ltr'><em>ad</em></span> <span class='ocrx_word' id='word_1_223' title='bbox 1035 3000 1198 3078; x_wconf 83' lang='lat' dir='ltr'><em>orientem,</em></span> <span class='ocrx_word' id='word_1_224' title='bbox 1216 3024 1228 3056; x_wconf 71' lang='grc' dir='ltr'><strong><em>ι</em></strong></span> <span class='ocrx_word' id='word_1_225' title='bbox 1238 2999 1422 3086; x_wconf 84' lang='lat' dir='ltr'><em>scribendum</em></span> <span class='ocrx_word' id='word_1_226' title='bbox 1436 3026 1448 3058; x_wconf 75' lang='lat' dir='ltr'><em>e</em></span> <span class='ocrx_word' id='word_1_227' title='bbox 1466 3021 1527 3064; x_wconf 82' lang='lat' dir='ltr'><em>una</em></span> 
     </span>
     <span class='ocr_line' id='line_1_27' title="bbox 489 3095 1526 3180; baseline -0.008 -17"><span class='ocrx_word' id='word_1_228' title='bbox 489 3099 518 3163; x_wconf 72' lang='grc' dir='ltr'><em>δι</em></span> <span class='ocrx_word' id='word_1_229' title='bbox 533 3100 628 3163; x_wconf 83' lang='lat' dir='ltr'><em>altera</em></span> <span class='ocrx_word' id='word_1_230' title='bbox 641 3098 795 3178; x_wconf 82' lang='lat' dir='ltr'><em>videlicet,</em></span> <span class='ocrx_word' id='word_1_231' title='bbox 810 3122 823 3156; x_wconf 84' lang='lat'><strong>›</strong></span> <span class='ocrx_word' id='word_1_232' title='bbox 840 3098 937 3161; x_wconf 82' lang='lat' dir='ltr'><em>deinde</em></span> <span class='ocrx_word' id='word_1_233' title='bbox 954 3123 966 3156; x_wconf 76' lang='grc' dir='ltr'><strong><em>ι</em></strong></span> <span class='ocrx_word' id='word_1_234' title='bbox 981 3114 1087 3180; x_wconf 80' lang='lat' dir='ltr'><em>quarta</em></span> <span class='ocrx_word' id='word_1_235' title='bbox 1102 3095 1227 3160; x_wconf 76' lang='lat' dir='ltr'><em>ecclesia</em></span> <span class='ocrx_word' id='word_1_236' title='bbox 1238 3099 1274 3160; x_wconf 84' lang='lat' dir='ltr'><em>ad</em></span> <span class='ocrx_word' id='word_1_237' title='bbox 1288 3098 1497 3179; x_wconf 84' lang='lat' dir='ltr'><em>occidentem,</em></span> <span class='ocrx_word' id='word_1_238' title='bbox 1513 3123 1526 3155; x_wconf 81' lang='lat'><strong>›</strong></span> 
     </span>
     <span class='ocr_line' id='line_1_28' title="bbox 485 3213 651 3283; baseline -0.012 -21"><span class='ocrx_word' id='word_1_239' title='bbox 485 3215 542 3283; x_wconf 90' lang='lat' dir='ltr'><em>pro</em></span> <span class='ocrx_word' id='word_1_240' title='bbox 555 3213 651 3263; x_wconf 78' lang='lat' dir='ltr'><em>tertia.</em></span> 
     </span>
    </p>
   </div>
   <div class='ocr_carea' id='block_1_4' title="bbox 531 3401 691 3488">
    <p class='ocr_par' dir='ltr' id='par_1_6' title="bbox 531 3401 691 3488">
     <span class='ocr_line' id='line_1_29' title="bbox 531 3401 691 3488; baseline -0.013 -22"><span class='ocrx_word' id='word_1_241' title='bbox 531 3401 691 3488; x_wconf 73' lang='lat' dir='ltr'><em>Cometes:</em></span> 
     </span>
    </p>
   </div>
   <div class='ocr_carea' id='block_1_5' title="bbox 491 3530 1527 3931">
    <p class='ocr_par' dir='ltr' id='par_1_7' title="bbox 491 3530 1527 3716">
     <span class='ocr_line' id='line_1_30' title="bbox 530 3530 1527 3617; baseline 0.003 -24"><span class='ocrx_word' id='word_1_242' title='bbox 530 3553 555 3593; x_wconf 76' lang='lat' dir='ltr'><em>a.</em></span> <span class='ocrx_word' id='word_1_243' title='bbox 571 3531 702 3612; x_wconf 88' lang='lat' dir='ltr'><em>Londini‚</em></span> <span class='ocrx_word' id='word_1_244' title='bbox 722 3530 840 3617; x_wconf 80' lang='lat' dir='ltr'><em>Musae</em></span> <span class='ocrx_word' id='word_1_245' title='bbox 864 3533 1039 3610; x_wconf 86' lang='lat' dir='ltr'><em>Britannico,</em></span> <span class='ocrx_word' id='word_1_246' title='bbox 1059 3530 1249 3612; x_wconf 72' lang='lat' dir='ltr'><em>Cotronianus,</em></span> <span class='ocrx_word' id='word_1_247' title='bbox 1274 3531 1427 3617; x_wconf 83' lang='lat' dir='ltr'><em>Faustina,</em></span> <span class='ocrx_word' id='word_1_248' title='bbox 1445 3535 1481 3598; x_wconf 88' lang='lat' dir='ltr'><em>B.</em></span> <span class='ocrx_word' id='word_1_249' title='bbox 1500 3553 1527 3611; x_wconf 89' lang='lat'><em>1,</em></span> 
     </span>
     <span class='ocr_line' id='line_1_31' title="bbox 491 3629 849 3716; baseline -0.003 -24"><span class='ocrx_word' id='word_1_250' title='bbox 491 3629 581 3692; x_wconf 78' lang='lat' dir='ltr'><em>XIII</em></span> <span class='ocrx_word' id='word_1_251' title='bbox 583 3629 692 3716; x_wconf 90' lang='lat' dir='ltr'><em>saculo</em></span> <span class='ocrx_word' id='word_1_252' title='bbox 705 3644 849 3693; x_wconf 86' lang='lat' dir='ltr'><em>exaratus.</em></span> 
     </span>
    </p>

    <p class='ocr_par' dir='ltr' id='par_1_8' title="bbox 532 3734 1384 3822">
     <span class='ocr_line' id='line_1_32' title="bbox 532 3734 1384 3822; baseline 0.004 -24"><span class='ocrx_word' id='word_1_253' title='bbox 532 3737 560 3798; x_wconf 90' lang='lat' dir='ltr'><em>b.</em></span> <span class='ocrx_word' id='word_1_254' title='bbox 575 3735 704 3814; x_wconf 82' lang='lat' dir='ltr'><em>Oxonia,</em></span> <span class='ocrx_word' id='word_1_255' title='bbox 718 3735 844 3798; x_wconf 90' lang='lat' dir='ltr'><em>Lincoln.</em></span> <span class='ocrx_word' id='word_1_256' title='bbox 859 3736 951 3819; x_wconf 87' lang='lat' dir='ltr'><em>colleg.</em></span> <span class='ocrx_word' id='word_1_257' title='bbox 965 3737 1016 3818; x_wconf 84' lang='lat'><em>96,</em></span> <span class='ocrx_word' id='word_1_258' title='bbox 1029 3734 1119 3798; x_wconf 78' lang='lat' dir='ltr'><em>XIII</em></span> <span class='ocrx_word' id='word_1_259' title='bbox 1122 3737 1225 3822; x_wconf 85' lang='lat' dir='ltr'><em>sacal.</em></span> <span class='ocrx_word' id='word_1_260' title='bbox 1240 3752 1384 3801; x_wconf 84' lang='lat' dir='ltr'><em>exaratus.</em></span> 
     </span>
    </p>

    <p class='ocr_par' dir='ltr' id='par_1_9' title="bbox 530 3841 1525 3931">
     <span class='ocr_line' id='line_1_33' title="bbox 530 3841 1525 3931; baseline 0.001 -26"><span class='ocrx_word' id='word_1_261' title='bbox 530 3864 556 3906; x_wconf 88' lang='lat' dir='ltr'><em>c.</em></span> <span class='ocrx_word' id='word_1_262' title='bbox 576 3841 754 3921; x_wconf 81' lang='lat' dir='ltr'><em>Vindobona,</em></span> <span class='ocrx_word' id='word_1_263' title='bbox 767 3843 879 3905; x_wconf 86' lang='lat' dir='ltr'><em>Bibliot.</em></span> <span class='ocrx_word' id='word_1_264' title='bbox 892 3843 1003 3931; x_wconf 84' lang='lat' dir='ltr'><em>Casar.</em></span> <span class='ocrx_word' id='word_1_265' title='bbox 1016 3841 1115 3904; x_wconf 86' lang='lat' dir='ltr'><em>Palat.</em></span> <span class='ocrx_word' id='word_1_266' title='bbox 1128 3860 1225 3925; x_wconf 87' lang='lat'><em>2432,·</em></span> <span class='ocrx_word' id='word_1_267' title='bbox 1240 3844 1279 3905; x_wconf 82' lang='grc' dir='ltr'><em>Χ</em></span> <span class='ocrx_word' id='word_1_268' title='bbox 1276 3843 1295 3906; x_wconf 96' lang='lat' dir='ltr'><em>l</em></span> <span class='ocrx_word' id='word_1_269' title='bbox 1297 3843 1329 3908; x_wconf 87' lang='lat' dir='ltr'><em>V</em></span> <span class='ocrx_word' id='word_1_270' title='bbox 1328 3844 1431 3931; x_wconf 80' lang='lat' dir='ltr'><em>facul.</em></span> <span class='ocrx_word' id='word_1_271' title='bbox 1446 3867 1525 3906; x_wconf 86' lang='lat' dir='ltr'><em>exar.</em></span> 
     </span>
    </p>
   </div>
   <div class='ocr_carea' id='block_1_6' title="bbox 493 3939 1529 4124">
    <p class='ocr_par' dir='ltr' id='par_1_10' title="bbox 493 3939 1529 4124">
     <span class='ocr_line' id='line_1_34' title="bbox 532 3939 1529 4025; baseline 0.001 -22"><span class='ocrx_word' id='word_1_272' title='bbox 532 3942 561 4003; x_wconf 94' lang='lat' dir='ltr'><em>d.</em></span> <span class='ocrx_word' id='word_1_273' title='bbox 576 3939 682 4020; x_wconf 83' lang='lat' dir='ltr'><em>Roneis,</em></span> <span class='ocrx_word' id='word_1_274' title='bbox 716 3941 780 4002; x_wconf 91' lang='lat' dir='ltr'><em>olim</em></span> <span class='ocrx_word' id='word_1_275' title='bbox 812 3942 840 4003; x_wconf 90' lang='lat' dir='ltr'><em>in</em></span> <span class='ocrx_word' id='word_1_276' title='bbox 876 3939 1033 4004; x_wconf 84' lang='lat' dir='ltr'><em>bibliotheca</em></span> <span class='ocrx_word' id='word_1_277' title='bbox 1066 3940 1190 4003; x_wconf 80' lang='lat' dir='ltr'><em>abbatia</em></span> <span class='ocrx_word' id='word_1_278' title='bbox 1224 3941 1250 4003; x_wconf 89' lang='lat' dir='ltr'><em>S.</em></span> <span class='ocrx_word' id='word_1_279' title='bbox 1280 3940 1421 4025; x_wconf 85' lang='lat' dir='ltr'><em>Remigij,</em></span> <span class='ocrx_word' id='word_1_280' title='bbox 1453 3941 1529 4004; x_wconf 85' lang='lat' dir='ltr'><em>hodie</em></span> 
     </span>
     <span class='ocr_line' id='line_1_35' title="bbox 493 4039 658 4124; baseline -0.006 -22"><span class='ocrx_word' id='word_1_281' title='bbox 493 4039 658 4124; x_wconf 86' lang='lat' dir='ltr'><em>deperditus.</em></span> 
     </span>
    </p>
   </div>
   <div class='ocr_carea' id='block_1_7' title="bbox 492 4231 1529 4384">
    <p class='ocr_par' dir='ltr' id='par_1_11' title="bbox 492 4231 1529 4384">
     <span class='ocr_line' id='line_1_36' title="bbox 532 4231 1529 4305; baseline 0.004 -21"><span class='ocrx_word' id='word_1_282' title='bbox 532 4233 690 4286; x_wconf 82' lang='lat' dir='ltr'><em>oClennont</em></span> <span class='ocrx_word' id='word_1_283' title='bbox 704 4234 830 4286; x_wconf 80' lang='lat' dir='ltr'><em>Ganneuu</em></span> <span class='ocrx_word' id='word_1_284' title='bbox 846 4234 870 4286; x_wconf 86' lang='lat' dir='ltr'><em>in</em></span> <span class='ocrx_word' id='word_1_285' title='bbox 889 4235 978 4285; x_wconf 81' lang='lat' dir='ltr'><em>Revue</em></span> <span class='ocrx_word' id='word_1_286' title='bbox 1038 4235 1062 4286; x_wconf 80' lang='lat' dir='ltr'><em>be</em></span> <span class='ocrx_word' id='word_1_287' title='bbox 1090 4231 1220 4286; x_wconf 81' lang='lat' dir='ltr'><em>Albahara</em></span> <span class='ocrx_word' id='word_1_288' title='bbox 1253 4251 1331 4286; x_wconf 86' lang='lat' dir='ltr'><em>unum</em></span> <span class='ocrx_word' id='word_1_289' title='bbox 1361 4234 1529 4305; x_wconf 76' lang='lat' dir='ltr'><em>eumdemque</em></span> 
     </span>
     <span class='ocr_line' id='line_1_37' title="bbox 492 4311 1352 4384; baseline 0 -15"><span class='ocrx_word' id='word_1_290' title='bbox 492 4313 602 4384; x_wconf 82' lang='lat' dir='ltr'><em>critique,</em></span> <span class='ocrx_word' id='word_1_291' title='bbox 618 4317 691 4381; x_wconf 79' lang='lat'>187⁶,</span> <span class='ocrx_word' id='word_1_292' title='bbox 702 4324 720 4366; x_wconf 88' lang='lat' dir='ltr'><em>t.</em></span> <span class='ocrx_word' id='word_1_293' title='bbox 729 4313 764 4378; x_wconf 86' lang='lat'><em>11,</em></span> <span class='ocrx_word' id='word_1_294' title='bbox 770 4330 794 4383; x_wconf 88' lang='lat' dir='ltr'><em>p.</em></span> <span class='ocrx_word' id='word_1_295' title='bbox 807 4330 866 4381; x_wconf 82' lang='lat'><em>394,</em></span> <span class='ocrx_word' id='word_1_296' title='bbox 879 4311 977 4367; x_wconf 83' lang='lat' dir='ltr'><em>Albara</em></span> <span class='ocrx_word' id='word_1_297' title='bbox 1038 4312 1123 4366; x_wconf 84' lang='lat' dir='ltr'><em>locum</em></span> <span class='ocrx_word' id='word_1_298' title='bbox 1136 4311 1207 4368; x_wconf 78' lang='lat' dir='ltr'><em>fuisse</em></span> <span class='ocrx_word' id='word_1_299' title='bbox 1219 4313 1352 4370; x_wconf 69' lang='lat' dir='ltr'><em>existimat.</em></span> 
     </span>
    </p>
   </div>
   <div class='ocr_carea' id='block_1_8' title="bbox 0 0 1735 5716">
    <p class='ocr_par' dir='ltr' id='par_1_12' title="bbox 0 0 1735 5716">
     <span class='ocr_line' id='line_1_38' title="bbox 0 0 1735 5716; baseline 0 0"><span class='ocrx_word' id='word_1_300' title='bbox 0 0 1735 5716; x_wconf 95' lang='lat' dir='ltr'><em> </em></span> 
     </span>
    </p>
   </div>
  </div>
 </body>
</html>
