3432 5710
665 551 771 647 (518)
1165 571 1228 654 ¹95

201 775 338 860 partibus
358 775 486 837 verbum
506 773 637 838 Domini
657 774 852 854 seminarent;
873 779 1016 860 quatinus
1036 777 1156 842 &fidei
1176 779 1233 842 do-

200 863 342 926 mesticos
364 865 395 926 in
414 862 475 926 fide
494 863 720 942 confirmarent,
739 863 768 928 δι
790 862 926 930 infideles
945 881 1036 949 atque
1050 865 1177 930 rebelles
1192 867 1231 930 ab

200 951 309 1014 erroris
330 950 373 1014 sui
395 951 560 1035 pertinacia
580 969 767 1015 revocarent.
788 953 846 1017 His
868 955 960 1036 igitur
981 955 1123 1018 omnibus
1145 956 1229 1017 iuxta

201 1041 379 1122 patriarchae
403 1044 520 1103 monita
544 1040 705 1125 aliquantis
729 1041 855 1124 gratiose
881 1042 1068 1124 temporibus
1091 1042 1230 1106 &valde

200 1130 363 1192 efficaciter
378 1129 502 1208 exaffls,
519 1151 591 1192 cum
605 1129 751 1192 redeundi
767 1131 899 1214 denique
914 1130 1068 1193 licentiam
1084 1132 1135 1195 vix
1149 1133 1230 1195 obti-

199 1213 340 1296 nuissent,
367 1233 497 1302 quatuor
519 1239 573 1282 eos
597 1218 774 1282 muneribus
798 1220 966 1301 patriarcha
984 1219 1126 1297 donavit3
1145 1220 1229 1285 altari

200 1305 344 1368 videlicet
355 1306 487 1389 portatili
499 1308 684 1386 consecrato,
699 1328 848 1390 campana
863 1309 972 1388 baiula
987 1308 1097 1372 baculo
1113 1305 1229 1390 insigni,

200 1395 230 1458 δι
246 1396 349 1456 tunica
363 1417 401 1457 ex
415 1415 488 1459 auro
503 1414 655 1460 contexta
681 1397 740 1459 Sed
755 1398 901 1480 quoniam
916 1412 977 1459 tam
992 1395 1118 1460 onerosa
1132 1417 1228 1480 quan-

200 1503 292 1566 quam
311 1482 482 1547 honorifica
504 1502 566 1548 tam
588 1486 681 1568 longo
704 1485 806 1548 labore
826 1486 900 1548 serre
919 1485 1106 1564 recusabant,
1124 1481 1230 1546 reversi

199 1574 230 1634 in
250 1571 377 1654 patriam
398 1574 536 1656 angelico
556 1573 723 1637 ministerio
743 1573 793 1636 sua
815 1573 940 1659 quisque
956 1574 1037 1637 dona
1051 1573 1228 1636 miraculose

198 1661 323 1742 recepit
340 1659 443 1724 David
452 1664 577 1746 quidem
590 1665 619 1726 in
632 1663 825 1741 monasterio,
836 1665 885 1725 cui
894 1684 1008 1724 nomen
1018 1663 1230 1746 langevelacb,

198 1749 303 1810 nolam
317 1750 347 1813 δι
362 1750 471 1829 altare,
493 1773 562 1834 quae
583 1751 674 1814 ambo
696 1749 788 1836 usque
810 1753 840 1814 in
862 1751 1045 1814 hodiernum
1068 1752 1229 1815 virtutibus

198 1836 314 1900 clarent
319 1865 329 1915 3
346 1838 489 1902 Paternus
501 1855 603 1902 autem
614 1839 644 1902 dr
654 1839 746 1902 Eliud
759 1839 809 1901 sua
823 1839 880 1904 suis
894 1839 1082 1904 monasteriis
1094 1861 1229 1920 munera,

198 1921 287 2008 signis
302 1948 427 2010 quoque
441 1927 596 2006 clarentia‚
609 1926 810 2010 susceperunt.
829 1952 841 1984 i

269 2079 398 2146 [Giraldus
411 2079 579 2144 Cambrensis,
592 2079 680 2147 Vitafi
695 2079 821 2145 Davidr'r,
835 2079 889 2132 lesi.
904 2081 955 2132 Vll
970 2079 1121 2149 (Wharton,
1136 2080 1227 2149 Anglia

189 2157 281 2226 sacra,
294 2161 327 2225 ¹¹2
341 2177 364 2230 Ρ·
379 2162 460 2226 nii]

240 2353 359 2420 «Misit
380 2373 481 2420 autem
504 2356 660 2420 Dominus
679 2357 821 2442 angelum
846 2358 931 2420 suum
953 2355 1120 2438 ffiDavid,
1138 2358 1229 2422 The·

197 2445 258 2506 liao
270 2445 300 2507 δι
315 2443 459 2524 Paterno,
480 2447 532 2529 qui
548 2444 704 2534 Ierusalem
719 2465 842 2527 peregre
862 2442 1009 2527 proficisci
1033 2446 1063 2509 δι
1084 2446 1228 2510 donativa

198 2533 239 2595 ibi
257 2533 393 2615 recipere
406 2533 449 2596 eis
471 2535 623 2616 praecepit.
644 2533 740 2596 Tunc
763 2533 807 2596 illi
830 2530 890 2595 sine
913 2534 1032 2616 pera&
1055 2533 1175 2613 baculo,
1197 2537 1228 2598 in

198 2620 338 2685 Domino
360 2637 479 2684 tantuin
499 2620 704 2701 confidentes,
723 2623 780 2686 iter
798 2623 958 2705 arripiunt,
976 2623 1006 2686 dr
1028 2643 1081 2705 per
1100 2623 1227 2688 diversas

196 2710 368 2793 provincias
383 2708 442 2772 suae
456 2709 619 2774 sanetitatis
634 2709 758 2794 vestigia
770 2711 987 2794 relinquentes,
1001 2713 1227 2774 occurrentium

195 2799 343 2862 debilium
358 2798 479 2862 dolores
495 2797 685 2861 alleviabant.
708 2799 852 2882 Cumque
865 2799 895 2860 in
908 2799 956 2860 via
967 2799 1150 2879 obsisterent,
1163 2821 1226 2863 non

195 2902 314 2949 tantum
325 2887 421 2972 spolia
430 2889 490 2952 illis
502 2886 630 2971 pacifice
640 2888 862 2966 concedebant,
874 2886 921 2949 sed
932 2885 952 2949 fi
963 2888 1036 2971 quid
1049 2888 1158 2970 praedae
1170 2889 1226 2951 im·

194 2998 345 3040 memores
360 2978 413 3061 ipsi
428 2979 645 3063 relinquerent,
659 2975 877 3060 praedatoribus
891 2977 977 3038 hilari
990 2977 1077 3038 vultu
1093 2977 1226 3060 porrige-

194 3067 275 3129 bant.
297 3064 346 3128 llli
367 3083 469 3130 autem
484 3064 709 3149 simplicitatem
726 3064 898 3127 sanetoium
912 3063 1143 3144 considerantes,
1157 3067 1225 3128 red-

194 3157 265 3220 ditis
279 3155 392 3239 spoliis,
407 3157 528 3218 veniam
543 3155 582 3217 de
597 3153 760 3216 commillis
776 3151 967 3235 postulabant
981 3152 1011 3215 δι
1025 3151 1062 3214 ad
1078 3169 1143 3216 tuta
1157 3153 1227 3217 loca

194 3245 417 3310 conducebant.

236 3333 403 3415 ‹lngrellis
426 3331 609 3402 autemillis
630 3331 787 3421 ierusalem
809 3331 942 3392 occurrit
960 3329 1060 3392 omnis
1085 3328 1226 3411 populus,

195 3422 322 3507 psallens
336 3423 368 3485 in
382 3422 508 3484 canticis
522 3421 696 3504 &hymnis
710 3419 803 3503 usque
815 3419 851 3481 ad
864 3418 1015 3500 templum
1026 3417 1156 3480 Domini
1170 3439 1224 3482 eos

194 3513 358 3576 deducens
380 3511 577 3575 Continuatis
592 3509 674 3570 enim
690 3509 789 3571 triduo
806 3509 846 3570 ibi
864 3507 1013 3589 precibus,
1029 3505 1105 3568 adeo
1121 3504 1223 3589 super-

194 3599 565 3683 norumcontemplationi
575 3597 821 3680 vacabanqquod
831 3613 1019 3658 terrenorum
1030 3596 1224 3658 immemores

196 3693 316 3776 penitus
330 3706 423 3751 erant.
448 3687 646 3771 Exspeaabat
660 3687 775 3748 interea
789 3700 871 3748 totus
885 3684 995 3763 clerus,
1017 3699 1130 3746 attente
1150 3705 1224 3745 con·

196 3779 335 3858 siderans,
355 3778 423 3862 quis
436 3776 607 3840 sanetorum
622 3796 715 3857 quam
728 3773 828 3836 sedem
843 3770 894 3834 sibi
910 3775 1049 3835 oratione
1063 3769 1150 3832 finita
1170 3769 1225 3833 eli-

196 3886 293 3954 geret,
311 3883 345 3931 ut
365 3865 441 3929 sicut
458 3863 580 3930 coelitus
600 3883 653 3946 per
670 3862 812 3945 angelum
832 3861 914 3924 dosii
938 3876 1036 3940 erant,
1060 3861 1090 3922 in
1108 3859 1224 3921 sedium

195 3958 347 4020 elediione
370 3970 510 4018 notarent
535 3973 627 4035 quem
650 3951 757 4014 ceteris
779 3949 903 4011 illorum
928 3949 1085 4031 praelatum
1110 3945 1223 4009 consti-

196 4061 323 4110 tuerent.
345 4043 439 4106 Erant
455 4043 484 4104 in
500 4039 615 4123 templo
631 4056 689 4103 tres
699 4038 850 4101 cathedrae
865 4037 1029 4101 senioribus
1042 4036 1079 4098 ab
1091 4036 1222 4118 antiquis

196 4132 384 4216 temporibus
394 4131 574 4207 constitutae,
589 4149 716 4212 quarum
731 4127 904 4189 inferiorem
919 4125 949 4189 ἃ
964 4126 1059 4210 magis
1074 4122 1222 4186 humilem

196 4223 347 4286 Theliaus
371 4221 500 4303 eligens,
523 4217 689 4280 nobiliores
714 4216 852 4279 fratribus
879 4229 1003 4297 propter
1022 4213 1221 4276 reverentiam

197 4309 317 4376 dimisit.
340 4309 416 4396 Quo
430 4308 502 4388 viso,
513 4327 620 4370 omnes
633 4307 685 4388 qui
696 4306 830 4385 aderant,
844 4305 874 4366 in
887 4305 978 4367 facies
991 4303 1055 4366 suas
1071 4303 1157 4385 proni
1171 4322 1221 4363 ca-
