3390 5720
505 521 552 590 72
898 519 1134 574 rnnouosrus

1165 637 1544 650 tut-*—

382 783 388 794 .
504 733 555 802 De
569 734 699 806 Sichem
712 736 812 830 usque
826 737 859 806 in
872 739 1008 828 sebasten
1018 735 1121 806 millia
1138 735 1219 808 lex!
1237 733 1282 806 lbi
1295 734 1475 806 decollatus
1487 734 1550 806 est

297 2467 407 2514 Tiberias.

295 2677 433 2738 Magdalum.

297 2879 443 2928 v11fonres.
498 2869 610 2963 septem
628 2873 735 2959 sontes
761 2868 834 2956 (aut
862 2867 954 2940 sedus
982 2872 1081 2966 putei,
1100 2870 1192 2966 quod
1214 2872 1349 2969 pepegit
1372 2869 1546 2942 Abraham
1693 2897 1694 2942 t

505 3001 581 3046 cum
598 2974 820 3072 Abimelech),
840 2975 939 3048 millia
956 2979 1120 3072 quinque:
1139 2976 1195 3048 ubi
1212 2978 1378 3050 Dominus
1392 2977 1546 3050 Christus
1693 3031 1694 3034 κ

504 3080 683 3179 baptizavit
701 3081 879 3178 apostolos,
905 3081 960 3154 ubi
978 3085 1182 3158 &saturavit
1205 3085 1370 3182 populum
1393 3085 1545 3181 quinque
1693 3155 1694 3162 .

296 3209 362 3274 Caph
364 3228 465 3260 mmmmmm

504 839 663 911 lohannes
678 841 816 937 Baptista
829 841 908 934 (vel,
919 839 1011 937 quod
1023 843 1129 914 verius
1143 843 1199 932 est,
1212 843 1246 912 in
1261 842 1389 914 castello
1403 842 1549 914 Mache-

502 969 607 1037 runta‚
617 950 652 1017 &
663 947 824 1020 Herodias
837 949 871 1018 in
880 949 1004 1045 palatio
1017 948 1089 1044 ipso
1103 971 1202 1044 caput
1214 949 1281 1020 eius
1294 949 1451 1045 sepelivit,
1463 973 1548 1019 non

503 1053 655 1124 sustinens
668 1081 747 1142 ¹curn
762 1081 901 1152 corpore
915 1055 1050 1150 reliquo.
1069 1055 1176 1151 lpsum
1188 1055 1333 1151 sepelivit
1344 1055 1473 1146 timens,
1490 1081 1549 1126 ne

502 1157 522 1230 st
537 1163 636 1256 capiti
649 1187 768 1258 corpus
782 1164 978 1261 iungeretur,
992 1161 1086 1232 facile
1099 1162 1285 1259 resurgeret.
1304 1160 1401 1236 Unde
1414 1187 1550 1257 corpus
1592 1251 1594 1255 Ι

501 1266 544 1337 ad
562 1265 711 1339 sebasten
732 1269 893 1359 Palesline,
912 1295 1014 1364 quarn
1029 1267 1153 1340 dislam
1170 1269 1252 1340 olim
1269 1266 1410 1340 asserunt
1423 1269 1549 1340 Sama-

501 1375 594 1464 riam,
611 1374 773 1471 sepultum
799 1377 842 1446 est
870 1375 970 1471 usque
995 1374 1038 1447 ad
1063 1400 1214 1472 tempora
1241 1375 1352 1446 Iuliani
1377 1375 1549 1471 apostate,

502 1483 592 1552 cuius
611 1484 768 1553 exercitus
786 1481 856 1554 ossa
869 1479 1012 1578 dispersit
1028 1485 1063 1553 δι
1075 1481 1213 1554 εοΠεᾶα
1227 1507 1289 1578 pro
1306 1507 1427 1580 magna
1440 1505 1549 1578 parte

502 1590 659 1660 cremavit
672 1624 682 1680 3
695 1586 751 1660 sed
767 1587 911 1684 quedam
924 1615 963 1660 ex
977 1589 1036 1681 bis,
1052 1588 1190 1661 collesla
1202 1615 1221 1660 a
1234 1589 1404 1660 monachis
1416 1589 1548 1660 Hiero-

501 1695 713 1787 solymitanis‚
727 1722 747 1766 a
761 1698 919 1788 Ianuario,
927 1695 1150 1768 Alexandrino
1160 1694 1441 1792 episcopo‚ablata
1450 1695 1547 1766 sunt.
1693 1769 1694 1772 ,

503 1802 615 1898 Caput
631 1828 651 1873 a
667 1802 759 1872 Felici
777 1803 945 1874 monacho
960 1801 1146 1874 transsatum
1159 1804 1203 1874 est
1221 1801 1310 1899 apud
1324 1803 1548 1898 Aquitaniam

502 1911 578 1982 vico
598 1907 820 2006 Angeriaco,⁶
835 1911 924 1982 iuxta
950 1907 1086 1984 fluvium
1110 1910 1340 2000 Vulturnum3‘
1366 1935 1387 1980 a
1411 1909 1548 2005 pipino,
1693 1931 1694 1946 ³

504 2042 581 2114 rege
598 2018 795 2087 francorum
812 2018 1017 2113 patricioque
1041 2017 1279 2108 Romanorum,
1296 2016 1341 2088 est
1359 2017 1392 2086 in
1408 2012 1549 2086 basilica

505 2147 594 2194 nova
610 2119 667 2192 sub
686 2120 811 2193 ciborio
829 2120 1033 2220 repositum.)
1693 2185 1694 2202 .

553 2227 693 2300 XXVlll.
721 2231 751 2298 Α
772 2228 901 2301 Sebaste
927 2231 1027 2325 usque
1048 2232 1084 2300 in
1103 2229 1329 2325 scythopolites
1356 2228 1455 2300 millia
1484 2231 1549 2300 tri-
1693 2307 1694 2340 1

505 2337 605 2432 ginta.
633 2331 678 2405 lbi
695 2335 823 2406 sanetus
841 2335 968 2408 Bafilius
985 2340 1177 2430 martyrium
1193 2338 1340 2435 suscepit.
1358 2341 1387 2410 Α
1401 2335 1548 2428 Scytho-

506 2442 575 2537 poli
593 2439 635 2512 ad
654 2441 855 2531 Tiberiadtm,
880 2445 980 2540 usque
1008 2442 1064 2516 ubi
1087 2472 1176 2518 mare
1206 2446 1282 2538 est,‘
1297 2444 1398 2516 millia
1421 2445 1548 2542 viginti

506 2572 653 2643 quatuor.
680 2549 783 2645 Super
801 2549 879 2620 illud
906 2577 995 2622 mare
1015 2552 1179 2622 Dominus
1198 2550 1387 2625 ambulavit.
1407 2554 1458 2624 De
1483 2553 1546 2621 Ti-

504 2652 637 2726 beriada
657 2655 756 2750 usque
770 2660 979 2751 Magdalum
997 2655 1085 2728 unde
1099 2659 1201 2729 Maria
1213 2655 1421 2755 Magdalena,
1436 2657 1548 2728 millia

505 2759 582 2832 duo.
611 2763 640 2832 Α
654 2761 811 2859 Magdalo
831 2763 931 2858 usque
944 2762 987 2835 ad
1000 2762 1171 2854 (Birsabee‚
1186 2762 1279 2859 quod
1291 2766 1547 2862 interpretatur)

505 3188 644 3260 millium
664 3187 706 3260 de
728 3191 874 3284 quinque
889 3189 1027 3287 panibus
1049 3194 1083 3262 &
1101 3189 1230 3263 duobus
1247 3191 1397 3287 piscibus.
1419 3195 1450 3262 Α
1466 3191 1544 3287 sep·

505 3320 571 3366 tem
590 3295 734 3370 fontibus
748 3300 848 3394 usque
864 3300 900 3368 in
918 3304 1128 3394 Cuplttrntum
1147 3295 1371 3370 miliarina!
1383 3296 1460 3372 lnde
1478 3299 1545 3370 fuit

505 3403 620 3476 mulier
636 3403 700 3497 illa,
718 3431 819 3502 quam
843 3407 1008 3478 Dominus
1036 3406 1143 3478 noster
1170 3431 1191 3476 a
1216 3402 1380 3501 profluvio
1410 3405 1542 3503 sangoi-

505 3510 554 3580 nis
579 3508 735 3602 liberavit,
763 3537 885 3584 nomen
912 3509 1008 3608 ipfius
1031 3511 1171 3582 mulieris
1199 3511 1374 3603 Mariosa31
1401 3537 1480 3584 nam
1504 3513 1541 3584 in

410 3647 414 3654 ⁴
505 3613 655 3690 hebraica
672 3618 785 3716 lingua
804 3616 971 3691 uironistal
989 3617 1111 3690 dicunt.
1139 3616 1183 3689 lbi
1207 3618 1252 3690 est
1276 3619 1378 3692 statua
1400 3621 1542 3692 Domini

506 3725 727 3798 eleormafin
753 3729 882 3825 ecrltfia,
908 3754 1008 3824 quam
1035 3727 1175 3800 Mariosa
1200 3728 1285 3799 fecit.
1312 3729 1365 3800 De
1389 3727 1541 3824 Caphar-

506 3857 608 3904 naum
626 3833 777 3927 usquein
799 3838 995 3929 bethsaidam
1014 3831 1096 3929 (que
1112 3834 1157 3904 est
1178 3831 1349 3930 probatica
1371 3831 1539 3932 piscinas)

541 4095 563 4130 a,
585 4081 610 4132 Ρ,
627 4094 674 4132 vu,
695 4108 726 4118 ..
746 4080 770 4130 b,
792 4037 819 4132 ἰ
840 4078 991 4147 Engeriaco,
1053 4097 1086 4108 ·-
1105 4087 1130 4138 g.
1155 4067 1357 4122 Haemotthoilsa.
1372 4067 1487 4121 Similiter
1495 4067 1538 4134 so·

506 4159 571 4211 Ltv.
582 4160 696 4228 Engaco.
711 4159 750 4228 Est
760 4162 791 4212 St.
803 4161 862 4211 Itan
874 4157 990 4228 d'Angtlt'
1052 4169 1097 4210 nat
1108 4170 1164 4211 nota
1173 4157 1199 4211 t'rt
1211 4159 1267 4212 cod.
1275 4161 1336 4212 Lov.
1345 4145 1537 4222 Δῖμμορἱοῧσαῖ

507 4266 539 4276 -
564 4256 586 4290 c.
609 4240 684 4303 Luta,
709 4240 736 4291 t.
759 4238 930 4292 Vultumeam.
958 4268 989 4278 -
1053 4267 1085 4277 -—
1104 4239 1128 4292 b.
1148 4239 1288 4293 Berenice?
1313 4268 1345 4278 -
1374 4239 1388 4292 i.
1411 4237 1474 4292 Mff.
1495 4238 1539 4291 eli·

506 4319 530 4370 d.
546 4318 740 4389 L.Senopolitn,
753 4319 988 4390 Lov.Cenopolim.
1051 4327 1122 4381 trina.
1147 4316 1300 4394 Εἶλικμνίςί
1325 4331 1344 4396 j.
1372 4331 1401 4380 ln
1424 4339 1486 4380 nota
1509 4328 1537 4379 L.

507 4427 539 4437 -
552 4417 573 4452 t.
588 4397 673 4452 Iidem.
692 4427 723 4438 -
748 4399 883 4454 Mantum
899 4399 926 4451 V.
942 4416 988 4454 xtt.
1005 4457 1007 4462 ,
1051 4407 1215 4476 redarguitur,
