3354 5706
441 553 492 605 on
518 553 621 606 socrs
646 551 813 606 snucrrs.
1072 554 1140 628 219

153 773 229 844 Hic
241 773 434 845 monstratur
446 793 548 870 petra,
566 771 774 870 superquam
786 767 1004 868 lapidatusest
1016 769 1142 842 sanstm

103 871 337 974 protomartyr
356 887 523 977 Stephanus
545 905 634 952 extra
655 878 831 952 civitatem.
853 882 888 948 ln
904 875 1017 948 medio
1033 903 1143 950 autem

104 986 327 1080 Hiemsaietn,
341 988 407 1078 ubi,
422 1013 517 1060 cruce
530 986 669 1058 Domini
681 981 890 1082 superpofita‚
904 1007 1051 1056 mortuus
1063 985 1145 1056 revi-

103 1095 161 1183 xit,
179 1095 342 1168 columna
358 1097 442 1167 celsa
458 1095 527 1185 stat,
553 1119 618 1190 que
635 1093 735 1166 estivo
753 1091 885 1162 solstitio
903 1088 1054 1162 umbram
1071 1116 1139 1163 non

105 1201 197 1293 facit,
216 1201 436 1299 undeputant
452 1199 497 1274 ibi
514 1203 643 1271 medium
656 1196 721 1270 effe
737 1225 858 1288 terrum,
877 1199 912 1268 &
924 1196 1052 1268 historie
1070 1196 1140 1269 dic·

104 1329 193 1378 tum:
212 1313 302 1380 Deus
315 1336 423 1398 aurem,
441 1335 493 1378 rest
509 1314 614 1400 noster,
637 1332 705 1377 onte
713 1307 821 1401 secula
848 1331 988 1398 operatus
1003 1311 1043 1397 est
1050 1307 1142 1398 sulu-

105 1441 164 1483 tem
188 1422 223 1484 in
245 1419 345 1488 medio
364 1441 452 1486 rme.
480 1415 559 1511 Qua
576 1413 692 1488 dumus
715 1412 875 1509 opinione
892 1414 927 1482 δι
943 1411 1140 1499 νίέὶοήηιω,

107 1518 311 1696 Ρίέὶανίεηῆε
333 1523 469 1594 antistes
495 1515 643 1610 ecclesie,
671 1515 714 1589 de
734 1517 909 1616 Golgotha
938 1514 1076 1589 scribens
1101 1519 1145 1589 ita

107 1653 162 1698 mc
186 1651 262 1698 oat:

273 1765 325 1847 Est
336 1765 419 1844 locus,
436 1789 468 1826 ex
482 1765 555 1828 omni
567 1763 685 1826 medium
699 1786 778 1844 quern
792 1762 927 1826 credimus
942 1764 1022 1836 orbe‚·

275 1853 411 1938 Golgotha
426 1853 506 1916 Iudai
516 1853 612 1937 patrio
625 1853 776 1934 cognomine
792 1851 895 1912 dicunt.

166 2105 220 2176 lv.
250 2109 301 2176 ‘De
310 2106 439 2199 sudario
457 2108 569 2196 capitis
587 2106 717 2172 Domini
736 2101 767 2170 δ’
785 2103 851 2172 olio
868 2107 982 2170 maiore
1000 2103 1092 2174 linteo

397 2239 415 2278 α
426 2212 536 2302 studia
554 2210 675 2280 Maria
692 2211 840 2300 confesio.

157 2349 333 2423 Sudarium
362 2351 476 2447 capitis
506 2350 644 2421 Domini
673 2349 746 2446 post
779 2351 1044 2423 resurressionem
1077 2353 1144 2422 eius

112 2485 190 2530 mox
211 2457 507 2532 christianiffimus?
529 2456 663 2552 quidam
691 2455 804 2529 iudeus
829 2457 950 2529 furatus
978 2460 1077 2554 usque
1102 2458 1144 2530 ad

113 2565 254 2656 obitum,
280 2563 397 2635 divitiis
421 2561 478 2635 srbi
495 2559 711 2654 affluentibus,
733 2561 854 2636 habuit.
879 2565 947 2662 Qui
971 2567 1144 2637 moriturus

112 2677 293 2770 interrogat
308 2669 404 2762 filios,
419 2671 474 2766 qui
492 2671 631 2742 Domini
647 2669 821 2763 sudarium,
840 2673 897 2767 qui
911 2697 1033 2744 ceteras
1045 2675 1145 2769 patris

115 2779 189 2854 velit
220 2779 370 2876 accipere
395 2775 532 2848 divitias.
562 2775 668 2848 Maior
697 2775 861 2849 thesauros
890 2805 1007 2870 rerum,
1036 2781 1145 2853 minor

114 2887 211 2986 elegit
231 2883 405 2957 sudarium.
428 2883 463 2954 Et
483 2909 563 2955 mox
583 2883 627 2956 illi
646 2883 853 2957 decrescuntb
876 2886 975 2981 usque
996 2885 1040 2958 ad
1066 2913 1146 2984 pau·

113 3017 286 3091 pertatem,
304 2991 393 3063 fratri
408 3015 520 3062 autem
537 3015 614 3061 cum
627 2989 692 3065 fide
707 2990 853 3064 crescunt
869 2993 904 3062 &
917 3018 1009 3090 opes,
1027 2995 1061 3063 &
1080 2993 1145 3066 hoc

114 3100 213 3197 usque
241 3097 285 3171 ad
314 3099 463 3194 quintam
490 3121 570 3195 ergo
600 3099 848 3196 generationem
871 3097 982 3171 fideles
1004 3123 1145 3174 tenuere.

116 3209 202 3279 Hinc
230 3203 276 3278 ad
300 3206 420 3303 impios
448 3207 640 3301 perveniens
671 3203 798 3278 divitias
828 3229 956 3276 tantum
981 3208 1080 3300 auxit,
1111 3233 1146 3280 ut

117 3313 229 3401 iudeis,
248 3315 284 3384 ἃ
308 3312 374 3382 hoc
390 3310 494 3381 multo
517 3335 678 3407 tempore,
696 3310 805 3382 donec
822 3313 895 3408 post
910 3312 1014 3410 longa
1030 3313 1144 3412 litigia,

116 3419 231 3517 quibus
249 3417 408 3490 christiani
423 3416 510 3489 iudei
523 3418 554 3489 se
568 3417 697 3508 Christi,
710 3417 857 3490 infideles
874 3444 952 3490 vero
968 3421 1000 3491 se
1016 3445 1145 3516 patrum

117 3527 247 3598 suorum
273 3522 480 3598 affirmabant
503 3522 657 3616 heredes,
684 3525 869 3616 Μειιινὶειε,ι
894 3527 1145 3600 Sarracenorum

117 3660 179 3723 rex,
197 3636 256 3730 qui
282 3632 389 3704 nostra
416 3655 500 3702 etate
521 3631 592 3723 fuit,
610 3630 707 3704 iudex
724 3631 914 3730 postulatur,
932 3635 989 3730 qui
1010 3635 1144 3707 accensa

117 3740 230 3838 grandi
255 3765 347 3838 pyra,
370 3737 534 3811 Christum
558 3738 702 3811 iudicem
729 3764 889 3837 precatur,
914 3743 969 3837 qui
997 3741 1063 3813 hoc
1083 3769 1145 3840 pro

117 3849 248 3920 suorum
270 3847 370 3919 salute
393 3845 488 3942 super
516 3871 615 3943 caput
643 3845 762 3919 habere
790 3846 988 3945 dignaretur.
1015 3847 1145 3921 Miffum

119 3979 195 4053 ergo
220 3957 257 4026 in
281 3955 395 4051 ignem
412 3949 577 4025 sudarium
602 3954 708 4028 veloci
731 3978 826 4054 raptu
844 3951 1003 4053 effugiens
1026 3956 1146 4050 evolat,

119 4059 151 4127 δι
173 4062 209 4130 in
225 4061 354 4132 summo
375 4064 448 4131 aire
466 4057 637 4132 diutiffime
666 4057 753 4156 quast
769 4059 917 4132 ludendo
938 4061 1146 4157 volucritans,

152 4246 174 4280 a.
185 4230 211 4282 l.
220 4229 351 4298 &finos
360 4227 440 4281 christ.
451 4255 483 4270 -
494 4229 520 4281 b.
530 4228 602 4296 Mffi5
663 4231 727 4296 uias,
739 4232 873 4297 Mutuum,
888 4231 1027 4285 Moawith.

123 4313 156 4365 Pc-
168 4311 228 4362 add.
249 4325 317 4382 opu,
337 4337 370 4349 -
387 4325 411 4364 c.
423 4307 495 4362 Alias
513 4309 602 4378 Majo-
