<?xml version="1.0" encoding="UTF-8"?>
<!DOCTYPE html PUBLIC "-//W3C//DTD XHTML 1.0 Transitional//EN"
    "http://www.w3.org/TR/xhtml1/DTD/xhtml1-transitional.dtd">
<html xmlns="http://www.w3.org/1999/xhtml" xml:lang="en" lang="en">
 <head>
  <title>
</title>
<meta http-equiv="Content-Type" content="text/html;charset=utf-8" />
  <meta name='ocr-system' content='tesseract 3.04.00' />
  <meta name='ocr-capabilities' content='ocr_page ocr_carea ocr_par ocr_line ocrx_word'/>
</head>
<body>
  <div class='ocr_page' id='page_1' title='image "./itinerahierosol00berngoog_0166.png"; bbox 0 0 3390 5720; ppageno 0'>
   <div class='ocr_carea' id='block_1_1' title="bbox 449 559 1147 636">
    <p class='ocr_par' dir='ltr' id='par_1_1' title="bbox 449 559 1147 636">
     <span class='ocr_line' id='line_1_1' title="bbox 449 559 1147 636; baseline 0.001 -26"><span class='ocrx_word' id='word_1_1' title='bbox 449 559 500 610; x_wconf 87' lang='lat' dir='ltr'>DE</span> <span class='ocrx_word' id='word_1_2' title='bbox 516 559 620 611; x_wconf 84' lang='lat' dir='ltr'>Locls</span> <span class='ocrx_word' id='word_1_3' title='bbox 639 559 805 612; x_wconf 88' lang='lat' dir='ltr'>SANCTIS.</span> <span class='ocrx_word' id='word_1_4' title='bbox 1099 563 1147 636; x_wconf 80' lang='grc'>97</span> 
     </span>
    </p>
   </div>
   <div class='ocr_carea' id='block_1_2' title="bbox 112 801 1145 1004">
    <p class='ocr_par' dir='ltr' id='par_1_2' title="bbox 112 801 1145 1004">
     <span class='ocr_line' id='line_1_2' title="bbox 112 801 1145 902; baseline 0.006 -32"><span class='ocrx_word' id='word_1_5' title='bbox 112 801 149 870; x_wconf 88' lang='lat' dir='ltr'>X.</span> <span class='ocrx_word' id='word_1_6' title='bbox 182 804 372 892; x_wconf 81' lang='lat' dir='ltr'>Solomuidn,</span> <span class='ocrx_word' id='word_1_7' title='bbox 403 811 515 876; x_wconf 82' lang='lat' dir='ltr'>rlterrne</span> <span class='ocrx_word' id='word_1_8' title='bbox 541 809 679 902; x_wconf 75' lang='lat' dir='ltr'>cMoyfis,</span> <span class='ocrx_word' id='word_1_9' title='bbox 711 834 792 876; x_wconf 85' lang='lat' dir='ltr'>more</span> <span class='ocrx_word' id='word_1_10' title='bbox 816 808 1003 894; x_wconf 78' lang='lat' dir='ltr'><em>Salinarum,</em></span> <span class='ocrx_word' id='word_1_11' title='bbox 1035 809 1145 900; x_wconf 78' lang='lat' dir='ltr'>segor,</span> 
     </span>
     <span class='ocr_line' id='line_1_3' title="bbox 418 914 837 1004; baseline 0.005 -24"><span class='ocrx_word' id='word_1_12' title='bbox 418 938 633 982; x_wconf 77' lang='lat' dir='ltr'><em>monumentum</em></span> <span class='ocrx_word' id='word_1_13' title='bbox 654 914 837 1004; x_wconf 79' lang='lat' dir='ltr'>olbsolonis.</span> 
     </span>
    </p>
   </div>
   <div class='ocr_carea' id='block_1_3' title="bbox 160 1093 1147 1194">
    <p class='ocr_par' dir='ltr' id='par_1_3' title="bbox 160 1093 1147 1194">
     <span class='ocr_line' id='line_1_4' title="bbox 160 1093 1147 1194; baseline 0.005 -29"><span class='ocrx_word' id='word_1_14' title='bbox 160 1093 194 1165; x_wconf 79' lang='lat' dir='ltr'>Et</span> <span class='ocrx_word' id='word_1_15' title='bbox 219 1093 265 1166; x_wconf 92' lang='lat' dir='ltr'>ibi</span> <span class='ocrx_word' id='word_1_16' title='bbox 286 1120 392 1194; x_wconf 85' lang='lat' dir='ltr'>prope</span> <span class='ocrx_word' id='word_1_17' title='bbox 418 1097 462 1167; x_wconf 80' lang='lat' dir='ltr'>est</span> <span class='ocrx_word' id='word_1_18' title='bbox 487 1099 610 1187; x_wconf 86' lang='lat' dir='ltr'>civitas,</span> <span class='ocrx_word' id='word_1_19' title='bbox 639 1123 703 1193; x_wconf 91' lang='lat' dir='ltr'>que</span> <span class='ocrx_word' id='word_1_20' title='bbox 725 1123 863 1170; x_wconf 83' lang='lat' dir='ltr'>vocatur</span> <span class='ocrx_word' id='word_1_21' title='bbox 879 1101 1072 1186; x_wconf 70' lang='lat' dir='ltr'>sesamoide,</span> <span class='ocrx_word' id='word_1_22' title='bbox 1091 1096 1147 1170; x_wconf 92' lang='lat' dir='ltr'>ubi</span> 
     </span>
    </p>
   </div>
   <div class='ocr_carea' id='block_1_4' title="bbox 113 1201 1147 1400">
    <p class='ocr_par' dir='ltr' id='par_1_4' title="bbox 113 1201 1147 1400">
     <span class='ocr_line' id='line_1_5' title="bbox 115 1201 1147 1302; baseline 0.003 -29"><span class='ocrx_word' id='word_1_23' title='bbox 115 1201 335 1273; x_wconf 89' lang='lat' dir='ltr'>remanserunt</span> <span class='ocrx_word' id='word_1_24' title='bbox 360 1202 424 1274; x_wconf 91' lang='lat' dir='ltr'>due</span> <span class='ocrx_word' id='word_1_25' title='bbox 442 1204 535 1274; x_wconf 88' lang='lat' dir='ltr'>semis</span> <span class='ocrx_word' id='word_1_26' title='bbox 554 1202 653 1275; x_wconf 90' lang='lat' dir='ltr'>tribus</span> <span class='ocrx_word' id='word_1_27' title='bbox 670 1204 814 1275; x_wconf 86' lang='lat' dir='ltr'>filiorum</span> <span class='ocrx_word' id='word_1_28' title='bbox 832 1206 933 1296; x_wconf 89' lang='lat' dir='ltr'>lsrael,</span> <span class='ocrx_word' id='word_1_29' title='bbox 960 1205 1147 1302; x_wconf 84' lang='lat' dir='ltr'>priusquam</span> 
     </span>
     <span class='ocr_line' id='line_1_6' title="bbox 113 1297 1147 1400; baseline 0.005 -30"><span class='ocrx_word' id='word_1_30' title='bbox 113 1297 277 1371; x_wconf 88' lang='lat' dir='ltr'>transrtent</span> <span class='ocrx_word' id='word_1_31' title='bbox 300 1300 482 1372; x_wconf 82' lang='lat' dir='ltr'><strong>Iordanem.</strong></span> <span class='ocrx_word' id='word_1_32' title='bbox 506 1307 540 1372; x_wconf 91' lang='lat' dir='ltr'>ln</span> <span class='ocrx_word' id='word_1_33' title='bbox 565 1327 633 1397; x_wconf 93' lang='lat' dir='ltr'>quo</span> <span class='ocrx_word' id='word_1_34' title='bbox 658 1303 736 1372; x_wconf 91' lang='lat' dir='ltr'>loco</span> <span class='ocrx_word' id='word_1_35' title='bbox 755 1302 881 1374; x_wconf 86' lang='lat' dir='ltr'>therme</span> <span class='ocrx_word' id='word_1_36' title='bbox 899 1305 981 1394; x_wconf 90' lang='lat' dir='ltr'>sunt,</span> <span class='ocrx_word' id='word_1_37' title='bbox 1007 1330 1071 1400; x_wconf 89' lang='lat' dir='ltr'>que</span> <span class='ocrx_word' id='word_1_38' title='bbox 1088 1330 1147 1375; x_wconf 90' lang='lat' dir='ltr'>vo·</span> 
     </span>
    </p>
   </div>
   <div class='ocr_carea' id='block_1_5' title="bbox 113 1408 1151 3098">
    <p class='ocr_par' dir='ltr' id='par_1_5' title="bbox 113 1408 1151 3098">
     <span class='ocr_line' id='line_1_7' title="bbox 113 1408 1149 1506; baseline 0.004 -30"><span class='ocrx_word' id='word_1_39' title='bbox 113 1431 222 1478; x_wconf 88' lang='lat' dir='ltr'>cantur</span> <span class='ocrx_word' id='word_1_40' title='bbox 245 1413 360 1478; x_wconf 79' lang='lat' dir='ltr'><em>therme</em></span> <span class='ocrx_word' id='word_1_41' title='bbox 383 1413 521 1506; x_wconf 65' lang='lat' dir='ltr'>moyfis,</span> <span class='ocrx_word' id='word_1_42' title='bbox 545 1408 600 1480; x_wconf 92' lang='lat' dir='ltr'>ubi</span> <span class='ocrx_word' id='word_1_43' title='bbox 622 1411 721 1480; x_wconf 84' lang='lat' dir='ltr'>etiarn</span> <span class='ocrx_word' id='word_1_44' title='bbox 741 1408 857 1506; x_wconf 82' lang='lat' dir='ltr'>leproh</span> <span class='ocrx_word' id='word_1_45' title='bbox 885 1410 1094 1480; x_wconf 88' lang='lat' dir='ltr'>mundantur.</span> <span class='ocrx_word' id='word_1_46' title='bbox 1113 1411 1149 1480; x_wconf 79' lang='lat' dir='ltr'>[t</span> 
     </span>
     <span class='ocr_line' id='line_1_8' title="bbox 113 1511 1148 1614; baseline 0.005 -32"><span class='ocrx_word' id='word_1_47' title='bbox 113 1511 154 1583; x_wconf 89' lang='lat' dir='ltr'>ibi</span> <span class='ocrx_word' id='word_1_48' title='bbox 171 1513 310 1584; x_wconf 86' lang='lat' dir='ltr'>est-fons</span> <span class='ocrx_word' id='word_1_49' title='bbox 330 1540 455 1610; x_wconf 87' lang='lat' dir='ltr'>aquam</span> <span class='ocrx_word' id='word_1_50' title='bbox 477 1513 600 1586; x_wconf 88' lang='lat' dir='ltr'>habens</span> <span class='ocrx_word' id='word_1_51' title='bbox 623 1513 851 1608; x_wconf 86' lang='lat' dir='ltr'>dulcissrmam,</span> <span class='ocrx_word' id='word_1_52' title='bbox 879 1541 943 1611; x_wconf 91' lang='lat' dir='ltr'>que</span> <span class='ocrx_word' id='word_1_53' title='bbox 965 1542 1027 1614; x_wconf 91' lang='lat' dir='ltr'>pro</span> <span class='ocrx_word' id='word_1_54' title='bbox 1045 1541 1148 1587; x_wconf 85' lang='lat' dir='ltr'>catar-</span> 
     </span>
     <span class='ocr_line' id='line_1_9' title="bbox 116 1618 1149 1721; baseline 0.004 -31"><span class='ocrx_word' id='word_1_55' title='bbox 116 1619 201 1690; x_wconf 88' lang='lat' dir='ltr'>thico</span> <span class='ocrx_word' id='word_1_56' title='bbox 229 1618 361 1713; x_wconf 81' lang='lat' dir='ltr'>bibitur,</span> <span class='ocrx_word' id='word_1_57' title='bbox 387 1625 421 1692; x_wconf 78' lang='grc' dir='ltr'>δι</span> <span class='ocrx_word' id='word_1_58' title='bbox 448 1622 569 1692; x_wconf 90' lang='lat' dir='ltr'>multos</span> <span class='ocrx_word' id='word_1_59' title='bbox 592 1623 683 1692; x_wconf 88' lang='lat' dir='ltr'>sanat</span> <span class='ocrx_word' id='word_1_60' title='bbox 702 1623 888 1720; x_wconf 86' lang='lat' dir='ltr'>languores,</span> <span class='ocrx_word' id='word_1_61' title='bbox 911 1649 981 1693; x_wconf 91' lang='lat' dir='ltr'>non</span> <span class='ocrx_word' id='word_1_62' title='bbox 1005 1622 1107 1721; x_wconf 90' lang='lat' dir='ltr'>longe</span> <span class='ocrx_word' id='word_1_63' title='bbox 1130 1649 1149 1694; x_wconf 91' lang='lat' dir='ltr'>a</span> 
     </span>
     <span class='ocr_line' id='line_1_10' title="bbox 117 1725 1148 1826; baseline 0.002 -30"><span class='ocrx_word' id='word_1_64' title='bbox 117 1732 387 1816; x_wconf 76' lang='lat' dir='ltr'>narisolinorum,</span> <span class='ocrx_word' id='word_1_65' title='bbox 406 1731 440 1800; x_wconf 93' lang='lat' dir='ltr'>in</span> <span class='ocrx_word' id='word_1_66' title='bbox 460 1728 552 1824; x_wconf 93' lang='lat' dir='ltr'>quod</span> <span class='ocrx_word' id='word_1_67' title='bbox 568 1727 711 1799; x_wconf 85' lang='lat' dir='ltr'>iordanis</span> <span class='ocrx_word' id='word_1_68' title='bbox 726 1728 905 1826; x_wconf 86' lang='lat' dir='ltr'>ingreditur</span> <span class='ocrx_word' id='word_1_69' title='bbox 920 1725 1029 1800; x_wconf 87' lang='lat' dir='ltr'>subtus</span> <span class='ocrx_word' id='word_1_70' title='bbox 1042 1728 1148 1801; x_wconf 87' lang='lat' dir='ltr'>Sodo-</span> 
     </span>
     <span class='ocr_line' id='line_1_11' title="bbox 118 1833 1150 1935; baseline 0.003 -31"><span class='ocrx_word' id='word_1_71' title='bbox 118 1861 203 1904; x_wconf 84' lang='lat' dir='ltr'>mam</span> <span class='ocrx_word' id='word_1_72' title='bbox 219 1836 255 1904; x_wconf 72' lang='grc' dir='ltr'>ἃ</span> <span class='ocrx_word' id='word_1_73' title='bbox 273 1835 520 1906; x_wconf 87' lang='lat' dir='ltr'>Gomorrham:</span> <span class='ocrx_word' id='word_1_74' title='bbox 541 1833 582 1906; x_wconf 90' lang='lat' dir='ltr'>ad</span> <span class='ocrx_word' id='word_1_75' title='bbox 601 1837 691 1905; x_wconf 87' lang='lat' dir='ltr'>cuius</span> <span class='ocrx_word' id='word_1_76' title='bbox 705 1836 791 1905; x_wconf 90' lang='lat' dir='ltr'>littus</span> <span class='ocrx_word' id='word_1_77' title='bbox 810 1833 957 1908; x_wconf 88' lang='lat' dir='ltr'>bitumen</span> <span class='ocrx_word' id='word_1_78' title='bbox 970 1840 1005 1908; x_wconf 77' lang='grc' dir='ltr'>ἀ</span> <span class='ocrx_word' id='word_1_79' title='bbox 1017 1836 1150 1935; x_wconf 89' lang='lat' dir='ltr'>sulphur</span> 
     </span>
     <span class='ocr_line' id='line_1_12' title="bbox 118 1940 1149 2040; baseline 0.004 -31"><span class='ocrx_word' id='word_1_80' title='bbox 118 1940 287 2038; x_wconf 71' lang='lat' dir='ltr'>colligitur.</span> <span class='ocrx_word' id='word_1_81' title='bbox 314 1946 347 2013; x_wconf 91' lang='lat' dir='ltr'>ln</span> <span class='ocrx_word' id='word_1_82' title='bbox 367 1967 434 2037; x_wconf 93' lang='lat' dir='ltr'>quo</span> <span class='ocrx_word' id='word_1_83' title='bbox 454 1942 536 2026; x_wconf 84' lang='lat' dir='ltr'>mari</span> <span class='ocrx_word' id='word_1_84' title='bbox 554 1943 663 2012; x_wconf 87' lang='lat' dir='ltr'>mense</span> <span class='ocrx_word' id='word_1_85' title='bbox 683 1941 762 2012; x_wconf 88' lang='lat' dir='ltr'>lulio</span> <span class='ocrx_word' id='word_1_86' title='bbox 779 1944 814 2011; x_wconf 72' lang='grc' dir='ltr'>ὅ(</span> <span class='ocrx_word' id='word_1_87' title='bbox 832 1942 980 2040; x_wconf 79' lang='lat' dir='ltr'>Augusto</span> <span class='ocrx_word' id='word_1_88' title='bbox 997 1943 1149 2038; x_wconf 89' lang='lat' dir='ltr'>&amp;usque</span> 
     </span>
     <span class='ocr_line' id='line_1_13' title="bbox 119 2045 1150 2146; baseline 0.003 -30"><span class='ocrx_word' id='word_1_89' title='bbox 119 2045 261 2117; x_wconf 91' lang='lat' dir='ltr'>medium</span> <span class='ocrx_word' id='word_1_90' title='bbox 274 2046 493 2143; x_wconf 86' lang='lat' dir='ltr'>septembrem</span> <span class='ocrx_word' id='word_1_91' title='bbox 505 2073 578 2120; x_wconf 91' lang='lat' dir='ltr'>toto</span> <span class='ocrx_word' id='word_1_92' title='bbox 593 2047 645 2119; x_wconf 91' lang='lat' dir='ltr'>die</span> <span class='ocrx_word' id='word_1_93' title='bbox 659 2050 767 2119; x_wconf 88' lang='lat' dir='ltr'>iacent</span> <span class='ocrx_word' id='word_1_94' title='bbox 777 2047 910 2145; x_wconf 71' lang='lat' dir='ltr'>septos,</span> <span class='ocrx_word' id='word_1_95' title='bbox 922 2048 965 2120; x_wconf 84' lang='lat' dir='ltr'>ad</span> <span class='ocrx_word' id='word_1_96' title='bbox 980 2049 1150 2146; x_wconf 88' lang='lat' dir='ltr'>vesperum</span> 
     </span>
     <span class='ocr_line' id='line_1_14' title="bbox 119 2152 1150 2252; baseline 0.002 -29"><span class='ocrx_word' id='word_1_97' title='bbox 119 2179 224 2224; x_wconf 87' lang='lat' dir='ltr'>autem</span> <span class='ocrx_word' id='word_1_98' title='bbox 240 2155 392 2226; x_wconf 79' lang='lat' dir='ltr'>lavantur</span> <span class='ocrx_word' id='word_1_99' title='bbox 408 2154 443 2225; x_wconf 92' lang='lat' dir='ltr'>in</span> <span class='ocrx_word' id='word_1_100' title='bbox 456 2152 528 2251; x_wconf 87' lang='lat' dir='ltr'>ipsrs</span> <span class='ocrx_word' id='word_1_101' title='bbox 541 2156 672 2226; x_wconf 81' lang='lat' dir='ltr'>thermis</span> <span class='ocrx_word' id='word_1_102' title='bbox 685 2153 803 2247; x_wconf 69' lang='lat' dir='ltr'>Moysis</span> <span class='ocrx_word' id='word_1_103' title='bbox 819 2158 854 2225; x_wconf 72' lang='grc' dir='ltr'>ὅ(</span> <span class='ocrx_word' id='word_1_104' title='bbox 866 2155 1050 2252; x_wconf 82' lang='lat' dir='ltr'>aliquoties,</span> <span class='ocrx_word' id='word_1_105' title='bbox 1066 2181 1150 2251; x_wconf 89' lang='lat' dir='ltr'>quos</span> 
     </span>
     <span class='ocr_line' id='line_1_15' title="bbox 119 2260 1151 2360; baseline 0.002 -30"><span class='ocrx_word' id='word_1_106' title='bbox 119 2260 192 2352; x_wconf 88' lang='lat' dir='ltr'>vult,</span> <span class='ocrx_word' id='word_1_107' title='bbox 218 2263 388 2332; x_wconf 87' lang='lat' dir='ltr'>Dominus</span> <span class='ocrx_word' id='word_1_108' title='bbox 412 2261 566 2354; x_wconf 73' lang='lat' dir='ltr'>mundat,</span> <span class='ocrx_word' id='word_1_109' title='bbox 595 2264 723 2333; x_wconf 90' lang='lat' dir='ltr'>namin</span> <span class='ocrx_word' id='word_1_110' title='bbox 741 2263 952 2360; x_wconf 86' lang='lat' dir='ltr'>generalitate</span> <span class='ocrx_word' id='word_1_111' title='bbox 977 2263 1021 2334; x_wconf 92' lang='lat' dir='ltr'>est</span> <span class='ocrx_word' id='word_1_112' title='bbox 1041 2263 1151 2359; x_wconf 87' lang='lat' dir='ltr'>aliqua</span> 
     </span>
     <span class='ocr_line' id='line_1_16' title="bbox 119 2367 1150 2472; baseline 0.001 -34"><span class='ocrx_word' id='word_1_113' title='bbox 119 2369 286 2460; x_wconf 78' lang='lat' dir='ltr'>pammitia</span> <span class='ocrx_word' id='word_1_114' title='bbox 303 2367 556 2472; x_wconf 56' lang='lat' dir='ltr'>[Herophilo]</span> <span class='ocrx_word' id='word_1_115' title='bbox 572 2373 605 2440; x_wconf 91' lang='lat' dir='ltr'>ln</span> <span class='ocrx_word' id='word_1_116' title='bbox 621 2394 688 2464; x_wconf 93' lang='lat' dir='ltr'>quo</span> <span class='ocrx_word' id='word_1_117' title='bbox 702 2371 783 2439; x_wconf 88' lang='lat' dir='ltr'>mari</span> <span class='ocrx_word' id='word_1_118' title='bbox 802 2368 883 2440; x_wconf 90' lang='lat' dir='ltr'>nihil</span> <span class='ocrx_word' id='word_1_119' title='bbox 893 2370 1057 2441; x_wconf 90' lang='lat' dir='ltr'>invenitur</span> <span class='ocrx_word' id='word_1_120' title='bbox 1069 2371 1150 2442; x_wconf 89' lang='lat' dir='ltr'>vivi·</span> 
     </span>
     <span class='ocr_line' id='line_1_17' title="bbox 118 2472 1147 2573; baseline 0.004 -30"><span class='ocrx_word' id='word_1_121' title='bbox 118 2472 262 2568; x_wconf 73' lang='lat' dir='ltr'>ficetum,</span> <span class='ocrx_word' id='word_1_122' title='bbox 290 2500 352 2545; x_wconf 92' lang='lat' dir='ltr'>nec</span> <span class='ocrx_word' id='word_1_123' title='bbox 375 2475 476 2572; x_wconf 87' lang='lat' dir='ltr'>ligna,</span> <span class='ocrx_word' id='word_1_124' title='bbox 503 2500 564 2546; x_wconf 87' lang='lat' dir='ltr'>nec</span> <span class='ocrx_word' id='word_1_125' title='bbox 589 2476 682 2573; x_wconf 74' lang='lat' dir='ltr'>polee</span> <span class='ocrx_word' id='word_1_126' title='bbox 707 2473 753 2547; x_wconf 92' lang='lat' dir='ltr'>ibi</span> <span class='ocrx_word' id='word_1_127' title='bbox 770 2499 894 2567; x_wconf 87' lang='lat' dir='ltr'>natant,</span> <span class='ocrx_word' id='word_1_128' title='bbox 916 2502 1024 2572; x_wconf 88' lang='lat' dir='ltr'>neque</span> <span class='ocrx_word' id='word_1_129' title='bbox 1041 2477 1147 2547; x_wconf 92' lang='lat' dir='ltr'>homo</span> 
     </span>
     <span class='ocr_line' id='line_1_18' title="bbox 120 2581 1149 2679; baseline 0.004 -29"><span class='ocrx_word' id='word_1_130' title='bbox 120 2605 225 2652; x_wconf 87' lang='lat' dir='ltr'>natare</span> <span class='ocrx_word' id='word_1_131' title='bbox 241 2583 360 2678; x_wconf 85' lang='lat' dir='ltr'>potest,</span> <span class='ocrx_word' id='word_1_132' title='bbox 377 2581 433 2654; x_wconf 88' lang='lat' dir='ltr'>sed</span> <span class='ocrx_word' id='word_1_133' title='bbox 451 2581 613 2679; x_wconf 91' lang='lat' dir='ltr'>quidquid</span> <span class='ocrx_word' id='word_1_134' title='bbox 630 2585 664 2654; x_wconf 91' lang='lat' dir='ltr'>in</span> <span class='ocrx_word' id='word_1_135' title='bbox 690 2582 770 2656; x_wconf 90' lang='lat' dir='ltr'>illud</span> <span class='ocrx_word' id='word_1_136' title='bbox 788 2585 971 2679; x_wconf 72' lang='lat' dir='ltr'>proiesium</span> <span class='ocrx_word' id='word_1_137' title='bbox 989 2584 1096 2674; x_wconf 90' lang='lat' dir='ltr'>suerit,</span> <span class='ocrx_word' id='word_1_138' title='bbox 1116 2583 1149 2654; x_wconf 92' lang='lat' dir='ltr'>in</span> 
     </span>
     <span class='ocr_line' id='line_1_19' title="bbox 121 2688 1151 2787; baseline 0.006 -31"><span class='ocrx_word' id='word_1_139' title='bbox 121 2688 322 2782; x_wconf 90' lang='lat' dir='ltr'>profundum</span> <span class='ocrx_word' id='word_1_140' title='bbox 352 2688 562 2787; x_wconf 82' lang='lat' dir='ltr'>demergitur.</span> <span class='ocrx_word' id='word_1_141' title='bbox 592 2692 645 2762; x_wconf 91' lang='lat' dir='ltr'>De</span> <span class='ocrx_word' id='word_1_142' title='bbox 671 2689 809 2762; x_wconf 86' lang='lat' dir='ltr'>iordane</span> <span class='ocrx_word' id='word_1_143' title='bbox 838 2691 939 2786; x_wconf 92' lang='lat' dir='ltr'>usque</span> <span class='ocrx_word' id='word_1_144' title='bbox 967 2690 1010 2761; x_wconf 92' lang='lat' dir='ltr'>ad</span> <span class='ocrx_word' id='word_1_145' title='bbox 1038 2690 1151 2762; x_wconf 89' lang='lat' dir='ltr'>locum</span> 
     </span>
     <span class='ocr_line' id='line_1_20' title="bbox 121 2793 1151 2893; baseline 0.003 -29"><span class='ocrx_word' id='word_1_146' title='bbox 121 2793 217 2884; x_wconf 88' lang='lat' dir='ltr'>illum,</span> <span class='ocrx_word' id='word_1_147' title='bbox 233 2797 268 2866; x_wconf 92' lang='lat' dir='ltr'>in</span> <span class='ocrx_word' id='word_1_148' title='bbox 286 2820 356 2892; x_wconf 93' lang='lat' dir='ltr'>quo</span> <span class='ocrx_word' id='word_1_149' title='bbox 375 2795 501 2888; x_wconf 84' lang='lat' dir='ltr'>Moyses</span> <span class='ocrx_word' id='word_1_150' title='bbox 517 2795 559 2868; x_wconf 94' lang='lat' dir='ltr'>de</span> <span class='ocrx_word' id='word_1_151' title='bbox 577 2821 717 2893; x_wconf 91' lang='lat' dir='ltr'>corpore</span> <span class='ocrx_word' id='word_1_152' title='bbox 730 2797 839 2887; x_wconf 80' lang='lat' dir='ltr'>exivit,</span> <span class='ocrx_word' id='word_1_153' title='bbox 854 2797 927 2868; x_wconf 91' lang='lat' dir='ltr'>sunt</span> <span class='ocrx_word' id='word_1_154' title='bbox 944 2795 1045 2867; x_wconf 89' lang='lat' dir='ltr'>millia</span> <span class='ocrx_word' id='word_1_155' title='bbox 1061 2803 1151 2884; x_wconf 77' lang='lat' dir='ltr'>ooo,</span> 
     </span>
     <span class='ocr_line' id='line_1_21' title="bbox 122 2891 1151 2992; baseline 0.003 -31"><span class='ocrx_word' id='word_1_156' title='bbox 122 2891 285 2964; x_wconf 88' lang='lat' dir='ltr'>&amp;exinde</span> <span class='ocrx_word' id='word_1_157' title='bbox 307 2919 378 2964; x_wconf 90' lang='lat' dir='ltr'>non</span> <span class='ocrx_word' id='word_1_158' title='bbox 400 2894 541 2966; x_wconf 92' lang='lat' dir='ltr'>multum</span> <span class='ocrx_word' id='word_1_159' title='bbox 562 2895 665 2992; x_wconf 88' lang='lat' dir='ltr'>longe</span> <span class='ocrx_word' id='word_1_160' title='bbox 682 2895 725 2966; x_wconf 92' lang='lat' dir='ltr'>ad</span> <span class='ocrx_word' id='word_1_161' title='bbox 741 2899 851 2989; x_wconf 83' lang='lat' dir='ltr'>Segor,</span> <span class='ocrx_word' id='word_1_162' title='bbox 876 2893 1047 2992; x_wconf 91' lang='lat' dir='ltr'>inquibus</span> <span class='ocrx_word' id='word_1_163' title='bbox 1069 2895 1151 2965; x_wconf 93' lang='lat' dir='ltr'>locis</span> 
     </span>
     <span class='ocr_line' id='line_1_22' title="bbox 122 2999 1148 3098; baseline 0.005 -31"><span class='ocrx_word' id='word_1_164' title='bbox 122 2999 189 3069; x_wconf 92' lang='lat' dir='ltr'>sunt</span> <span class='ocrx_word' id='word_1_165' title='bbox 205 3000 300 3070; x_wconf 89' lang='lat' dir='ltr'>multi</span> <span class='ocrx_word' id='word_1_166' title='bbox 319 3003 462 3073; x_wconf 87' lang='lat' dir='ltr'>eremite.</span> <span class='ocrx_word' id='word_1_167' title='bbox 480 3001 632 3073; x_wconf 90' lang='lat' dir='ltr'>Vidimus</span> <span class='ocrx_word' id='word_1_168' title='bbox 649 3004 684 3073; x_wconf 71' lang='grc' dir='ltr'>δε</span> <span class='ocrx_word' id='word_1_169' title='bbox 700 2999 746 3072; x_wconf 93' lang='lat' dir='ltr'>ibi</span> <span class='ocrx_word' id='word_1_170' title='bbox 764 3029 980 3075; x_wconf 84' lang='lat' dir='ltr'>monumentum</span> <span class='ocrx_word' id='word_1_171' title='bbox 997 3005 1148 3098; x_wconf 57' lang='lat' dir='ltr'>cliffolon,</span> 
     </span>
    </p>
   </div>
   <div class='ocr_carea' id='block_1_6' title="bbox 122 3102 845 3440">
    <p class='ocr_par' dir='ltr' id='par_1_6' title="bbox 122 3102 845 3440">
     <span class='ocr_line' id='line_1_23' title="bbox 122 3102 307 3196; baseline 0.011 -22"><span class='ocrx_word' id='word_1_172' title='bbox 122 3102 173 3196; x_wconf 86' lang='lat' dir='ltr'>filij</span> <span class='ocrx_word' id='word_1_173' title='bbox 187 3105 307 3180; x_wconf 83' lang='lat' dir='ltr'>David</span> 
     </span>
     <span class='ocr_line' id='line_1_24' title="bbox 415 3339 845 3440; baseline 0 -29"><span class='ocrx_word' id='word_1_174' title='bbox 415 3339 468 3411; x_wconf 88' lang='lat' dir='ltr'>Xl.</span> <span class='ocrx_word' id='word_1_175' title='bbox 487 3342 650 3435; x_wconf 77' lang='lat' dir='ltr'>Jordonr&#39;s,</span> <span class='ocrx_word' id='word_1_176' title='bbox 669 3346 845 3440; x_wconf 57' lang='lat' dir='ltr'>epiphanio.</span> 
     </span>
    </p>
   </div>
   <div class='ocr_carea' id='block_1_7' title="bbox 122 3531 1152 3843">
    <p class='ocr_par' dir='ltr' id='par_1_7' title="bbox 122 3531 1152 3843">
     <span class='ocr_line' id='line_1_25' title="bbox 165 3531 1151 3630; baseline 0.002 -27"><span class='ocrx_word' id='word_1_177' title='bbox 165 3533 342 3604; x_wconf 82' lang='lat' dir='ltr'>&#39;senuimus</span> <span class='ocrx_word' id='word_1_178' title='bbox 350 3539 563 3630; x_wconf 80' lang='lat' dir='ltr'>theophaniam</span> <span class='ocrx_word' id='word_1_179' title='bbox 576 3543 659 3606; x_wconf 81' lang='lat' dir='ltr'>iuxta</span> <span class='ocrx_word' id='word_1_180' title='bbox 671 3538 840 3622; x_wconf 81' lang='lat' dir='ltr'>Iordanem,</span> <span class='ocrx_word' id='word_1_181' title='bbox 851 3537 886 3605; x_wconf 77' lang='lat' dir='ltr'>dt</span> <span class='ocrx_word' id='word_1_182' title='bbox 895 3533 978 3605; x_wconf 87' lang='lat' dir='ltr'>siunt</span> <span class='ocrx_word' id='word_1_183' title='bbox 992 3531 1151 3605; x_wconf 79' lang='lat' dir='ltr'>mirabilia</span> 
     </span>
     <span class='ocr_line' id='line_1_26' title="bbox 122 3637 1152 3738; baseline 0.004 -33"><span class='ocrx_word' id='word_1_184' title='bbox 122 3637 153 3708; x_wconf 91' lang='lat' dir='ltr'>in</span> <span class='ocrx_word' id='word_1_185' title='bbox 168 3639 220 3710; x_wconf 86' lang='lat' dir='ltr'>illa</span> <span class='ocrx_word' id='word_1_186' title='bbox 237 3643 338 3710; x_wconf 54' lang='lat' dir='ltr'>nobie</span> <span class='ocrx_word' id='word_1_187' title='bbox 361 3640 395 3711; x_wconf 93' lang='lat' dir='ltr'>in</span> <span class='ocrx_word' id='word_1_188' title='bbox 412 3640 502 3734; x_wconf 91' lang='lat' dir='ltr'>loco,</span> <span class='ocrx_word' id='word_1_189' title='bbox 525 3637 581 3711; x_wconf 92' lang='lat' dir='ltr'>ubi</span> <span class='ocrx_word' id='word_1_190' title='bbox 597 3639 782 3738; x_wconf 80' lang='lat' dir='ltr'>baptizatus</span> <span class='ocrx_word' id='word_1_191' title='bbox 802 3641 846 3711; x_wconf 91' lang='lat' dir='ltr'>est</span> <span class='ocrx_word' id='word_1_192' title='bbox 862 3642 1038 3712; x_wconf 89' lang='lat' dir='ltr'>Dominus.</span> <span class='ocrx_word' id='word_1_193' title='bbox 1056 3639 1090 3710; x_wconf 80' lang='lat' dir='ltr'>Et</span> <span class='ocrx_word' id='word_1_194' title='bbox 1108 3639 1152 3710; x_wconf 87' lang='lat' dir='ltr'>est</span> 
     </span>
     <span class='ocr_line' id='line_1_27' title="bbox 123 3741 1152 3843; baseline 0.006 -31"><span class='ocrx_word' id='word_1_195' title='bbox 123 3741 164 3814; x_wconf 92' lang='lat' dir='ltr'>ibi</span> <span class='ocrx_word' id='word_1_196' title='bbox 179 3746 321 3819; x_wconf 87' lang='lat' dir='ltr'>tumulus</span> <span class='ocrx_word' id='word_1_197' title='bbox 339 3749 491 3820; x_wconf 86' lang='lat' dir='ltr'>cancellis</span> <span class='ocrx_word' id='word_1_198' title='bbox 511 3747 741 3840; x_wconf 88' lang='lat' dir='ltr'>circumdatus,</span> <span class='ocrx_word' id='word_1_199' title='bbox 766 3749 801 3818; x_wconf 75' lang='grc' dir='ltr'>δι</span> <span class='ocrx_word' id='word_1_200' title='bbox 823 3748 859 3819; x_wconf 91' lang='lat' dir='ltr'>in</span> <span class='ocrx_word' id='word_1_201' title='bbox 880 3748 970 3837; x_wconf 89' lang='lat' dir='ltr'>loco,</span> <span class='ocrx_word' id='word_1_202' title='bbox 993 3745 1049 3818; x_wconf 92' lang='lat' dir='ltr'>ubi</span> <span class='ocrx_word' id='word_1_203' title='bbox 1066 3773 1152 3843; x_wconf 84' lang='lat' dir='ltr'>aqua</span> 
     </span>
    </p>
   </div>
   <div class='ocr_carea' id='block_1_8' title="bbox 122 3851 1153 4489">
    <p class='ocr_par' dir='ltr' id='par_1_8' title="bbox 122 3851 1153 4489">
     <span class='ocr_line' id='line_1_28' title="bbox 123 3851 1151 3954; baseline 0.004 -32"><span class='ocrx_word' id='word_1_204' title='bbox 123 3851 209 3924; x_wconf 83' lang='lat' dir='ltr'>rediii</span> <span class='ocrx_word' id='word_1_205' title='bbox 233 3856 269 3927; x_wconf 91' lang='lat' dir='ltr'>in</span> <span class='ocrx_word' id='word_1_206' title='bbox 296 3854 428 3928; x_wconf 83' lang='lat' dir='ltr'>alveum</span> <span class='ocrx_word' id='word_1_207' title='bbox 451 3858 555 3949; x_wconf 88' lang='lat' dir='ltr'>suum,</span> <span class='ocrx_word' id='word_1_208' title='bbox 582 3854 685 3954; x_wconf 75' lang='lat' dir='ltr'>posita</span> <span class='ocrx_word' id='word_1_209' title='bbox 711 3857 756 3926; x_wconf 87' lang='lat' dir='ltr'>est</span> <span class='ocrx_word' id='word_1_210' title='bbox 782 3881 860 3926; x_wconf 83' lang='lat' dir='ltr'>crux</span> <span class='ocrx_word' id='word_1_211' title='bbox 881 3855 993 3954; x_wconf 85' lang='lat' dir='ltr'>lignea</span> <span class='ocrx_word' id='word_1_212' title='bbox 1009 3855 1095 3925; x_wconf 90' lang='lat' dir='ltr'>intus</span> <span class='ocrx_word' id='word_1_213' title='bbox 1116 3857 1151 3926; x_wconf 92' lang='lat' dir='ltr'>in</span> 
     </span>
     <span class='ocr_line' id='line_1_29' title="bbox 123 3961 1152 4060; baseline 0.001 -30"><span class='ocrx_word' id='word_1_214' title='bbox 123 3985 213 4055; x_wconf 86' lang='lat' dir='ltr'>aqua,</span> <span class='ocrx_word' id='word_1_215' title='bbox 229 3964 264 4033; x_wconf 77' lang='lat' dir='ltr'>lit</span> <span class='ocrx_word' id='word_1_216' title='bbox 282 3961 406 4060; x_wconf 85' lang='lat' dir='ltr'>gradus</span> <span class='ocrx_word' id='word_1_217' title='bbox 424 3963 627 4035; x_wconf 90' lang='lat' dir='ltr'>descendunt</span> <span class='ocrx_word' id='word_1_218' title='bbox 641 3963 742 4059; x_wconf 92' lang='lat' dir='ltr'>usque</span> <span class='ocrx_word' id='word_1_219' title='bbox 759 3961 801 4034; x_wconf 92' lang='lat' dir='ltr'>ad</span> <span class='ocrx_word' id='word_1_220' title='bbox 818 3989 940 4059; x_wconf 87' lang='lat' dir='ltr'>aquam</span> <span class='ocrx_word' id='word_1_221' title='bbox 959 3989 999 4035; x_wconf 87' lang='lat' dir='ltr'>ert</span> <span class='ocrx_word' id='word_1_222' title='bbox 1015 3987 1152 4057; x_wconf 83' lang='lat' dir='ltr'>utraque</span> 
     </span>
     <span class='ocr_line' id='line_1_30' title="bbox 123 4067 1152 4168; baseline -0.001 -31"><span class='ocrx_word' id='word_1_223' title='bbox 123 4089 206 4160; x_wconf 85' lang='lat' dir='ltr'>parte</span> <span class='ocrx_word' id='word_1_224' title='bbox 222 4070 293 4166; x_wconf 88' lang='lat' dir='ltr'>ripe</span> <span class='ocrx_word' id='word_1_225' title='bbox 312 4069 409 4141; x_wconf 88' lang='lat' dir='ltr'>strata</span> <span class='ocrx_word' id='word_1_226' title='bbox 421 4095 596 4140; x_wconf 86' lang='lat' dir='ltr'>marmore.</span> <span class='ocrx_word' id='word_1_227' title='bbox 615 4069 780 4168; x_wconf 85' lang='lat' dir='ltr'>invigiliis</span> <span class='ocrx_word' id='word_1_228' title='bbox 797 4069 998 4167; x_wconf 78' lang='lat' dir='ltr'>theophanio</span> <span class='ocrx_word' id='word_1_229' title='bbox 1011 4067 1152 4167; x_wconf 88' lang='lat' dir='ltr'>grandes</span> 
     </span>
     <span class='ocr_line' id='line_1_31' title="bbox 122 4170 1153 4276; baseline 0.005 -36"><span class='ocrx_word' id='word_1_230' title='bbox 122 4170 198 4246; x_wconf 91' lang='lat' dir='ltr'>siunt</span> <span class='ocrx_word' id='word_1_231' title='bbox 221 4177 344 4276; x_wconf 82' lang='lat' dir='ltr'>vigilie,</span> <span class='ocrx_word' id='word_1_232' title='bbox 373 4202 513 4274; x_wconf 85' lang='lat' dir='ltr'>magnus</span> <span class='ocrx_word' id='word_1_233' title='bbox 538 4175 583 4247; x_wconf 88' lang='lat' dir='ltr'>ibi</span> <span class='ocrx_word' id='word_1_234' title='bbox 607 4175 643 4248; x_wconf 87' lang='lat' dir='ltr'>fit</span> <span class='ocrx_word' id='word_1_235' title='bbox 668 4202 851 4250; x_wconf 89' lang='lat' dir='ltr'>conventus</span> <span class='ocrx_word' id='word_1_236' title='bbox 880 4177 1094 4274; x_wconf 90' lang='lat' dir='ltr'>populorum,</span> <span class='ocrx_word' id='word_1_237' title='bbox 1118 4177 1153 4245; x_wconf 72' lang='grc' dir='ltr'>ὅ(</span> 
     </span>
     <span class='ocr_line' id='line_1_32' title="bbox 123 4281 1152 4380; baseline 0.008 -30"><span class='ocrx_word' id='word_1_238' title='bbox 123 4281 204 4374; x_wconf 83' lang='lat' dir='ltr'>gallo</span> <span class='ocrx_word' id='word_1_239' title='bbox 236 4309 351 4379; x_wconf 83' lang='lat' dir='ltr'>quarta</span> <span class='ocrx_word' id='word_1_240' title='bbox 375 4307 430 4354; x_wconf 90' lang='lat' dir='ltr'>aut</span> <span class='ocrx_word' id='word_1_241' title='bbox 459 4285 574 4380; x_wconf 79' lang='lat' dir='ltr'>quinta</span> <span class='ocrx_word' id='word_1_242' title='bbox 598 4285 669 4357; x_wconf 89' lang='lat' dir='ltr'>vice</span> <span class='ocrx_word' id='word_1_243' title='bbox 700 4309 849 4377; x_wconf 85' lang='lat' dir='ltr'>canente,</span> <span class='ocrx_word' id='word_1_244' title='bbox 875 4282 958 4355; x_wconf 88' lang='lat' dir='ltr'>fiunt</span> <span class='ocrx_word' id='word_1_245' title='bbox 983 4284 1152 4358; x_wconf 87' lang='lat' dir='ltr'>matutine.</span> 
     </span>
     <span class='ocr_line' id='line_1_33' title="bbox 125 4385 1153 4489; baseline 0.005 -34"><span class='ocrx_word' id='word_1_246' title='bbox 125 4385 303 4486; x_wconf 87' lang='lat' dir='ltr'>Completis</span> <span class='ocrx_word' id='word_1_247' title='bbox 326 4393 503 4481; x_wconf 89' lang='lat' dir='ltr'>matutinis,</span> <span class='ocrx_word' id='word_1_248' title='bbox 525 4388 706 4463; x_wconf 85' lang='lat' dir='ltr'>albescente</span> <span class='ocrx_word' id='word_1_249' title='bbox 728 4391 792 4482; x_wconf 88' lang='lat' dir='ltr'>die,</span> <span class='ocrx_word' id='word_1_250' title='bbox 816 4390 999 4489; x_wconf 84' lang='lat' dir='ltr'>procedunt</span> <span class='ocrx_word' id='word_1_251' title='bbox 1021 4387 1153 4460; x_wconf 86' lang='lat' dir='ltr'>diaconi</span> 
     </span>
    </p>
   </div>
   <div class='ocr_carea' id='block_1_9' title="bbox 1001 4541 1030 4592">
    <p class='ocr_par' dir='ltr' id='par_1_9' title="bbox 1001 4541 1030 4592">
     <span class='ocr_line' id='line_1_34' title="bbox 1001 4541 1030 4592; baseline 0 0"><span class='ocrx_word' id='word_1_252' title='bbox 1001 4541 1030 4592; x_wconf 81' lang='lat'>¹³</span> 
     </span>
    </p>
   </div>
   <div class='ocr_carea' id='block_1_10' title="bbox 0 0 1714 5716">
    <p class='ocr_par' dir='ltr' id='par_1_10' title="bbox 0 0 1714 5716">
     <span class='ocr_line' id='line_1_35' title="bbox 0 0 1714 5716; baseline 0 0"><span class='ocrx_word' id='word_1_253' title='bbox 0 0 1714 5716; x_wconf 95' lang='lat' dir='ltr'> </span> 
     </span>
    </p>
   </div>
  </div>
 </body>
</html>
