3354 5706
548 533 614 604 ¹70
955 532 1152 588 Aucuurus

536 803 581 870 lll.
608 805 659 871 Ue
677 802 735 870 illo
745 828 834 894 petra
853 829 935 872 extra
956 829 1068 873 murum
1078 812 1148 900 fito,
1163 808 1365 898 superquam
1383 814 1573 901 aquoprime

690 909 854 979 lavationis
872 916 948 998 eius,
958 917 1027 1003 post
1042 918 1243 1001 ηαιίνίτατεηι,
1263 917 1357 1006 effitso
1373 919 1423 1004 est.
1488 973 1494 986 .

584 1067 635 1137 De
644 1066 698 1137 illa
707 1093 895 1164 petraextra
904 1095 1034 1140 murum
1044 1067 1572 1167 posita,superquamaquaprime

534 1172 607 1268 post
624 1177 826 1248 nativitatem
852 1176 1011 1248 dominici
1033 1175 1209 1249 ablutionis
1227 1177 1410 1273 corpusculi
1426 1175 1470 1248 de
1489 1179 1574 1246 muri

533 1283 718 1354 summitate
740 1282 911 1374 inclinatu,
937 1286 970 1354 in
991 1309 1061 1380 quo
1079 1281 1178 1355 effusa
1195 1283 1253 1374 est,
1271 1283 1415 1374 vasculo,
1432 1281 1574 1355 breviter

536 1389 870 1461 commemorandum
897 1390 1020 1462 estim0.
1050 1391 1127 1488 Que
1154 1391 1234 1462 sacti
1262 1390 1383 1462 lavacri
1415 1415 1504 1486 aqua
1533 1389 1573 1460 de

533 1521 628 1567 muto
656 1494 755 1568 effusa
784 1497 817 1568 in
846 1521 937 1593 petra
962 1498 1093 1568 inferius
1121 1499 1247 1569 iacente
1274 1495 1362 1594 quast
1390 1495 1572 1592 quamdam

533 1625 649 1674 natura
678 1628 830 1675 cavatam
856 1606 980 1676 invenit
1002 1601 1139 1675 fossam:
1162 1628 1227 1701 que
1250 1603 1367 1676 eadem
1389 1603 1517 1675 undula
1539 1607 1571 1674 in

533 1712 641 1807 ptimo
657 1709 829 1782 dominico
843 1711 965 1808 repleta
979 1710 1139 1802 natalitio,
1153 1737 1192 1782 ex
1204 1710 1327 1782 eodem
1340 1709 1393 1781 die
1404 1709 1449 1782 ad
1462 1711 1572 1782 nostra

533 1816 633 1913 usque
653 1841 804 1915 tempora
820 1843 879 1914 per
896 1818 1018 1889 multos
1035 1817 1220 1890 seculorum
1236 1819 1386 1889 circuitus
1405 1816 1572 1915 puriffima

531 1923 631 2020 plena
650 1925 845 1996 monstratur
861 1924 1009 2022 lympha,
1027 1922 1091 1996 stne
1113 1925 1178 1997 ulla
1196 1923 1383 1997 defectione
1400 1924 1455 1995 vel
1474 1922 1571 1995 dimi·

531 2032 680 2122 nutione,
697 2020 807 2103 ndstro
821 2032 986 2104 Salvatote
1003 2031 1069 2103 ltoc
1088 2032 1282 2104 miraculum
1296 2059 1317 2102 a
1328 2029 1381 2102 die
1395 2033 1572 2102 nativitatis

530 2136 585 2208 sue
601 2163 791 2237 peragente,
813 2136 941 2235 dequo
963 2138 1125 2236 propheta
1139 2141 1240 2211 canit:
1260 2142 1324 2234 Qtyt'
1336 2143 1439 2209 eduxit
1463 2167 1572 2232 nquam

529 2247 565 2314 de
579 2272 680 2339 petra.
711 2245 746 2317 lit
765 2245 932 2343 apostolus
950 2246 1079 2318 Paulus:
1108 2253 1199 2318 Petra
1220 2273 1315 2318 tutem
1336 2272 1403 2316 erat
1420 2249 1570 2340 Cltrt'ftrtr,

535 2353 591 2446 qui
608 2349 650 2423 de
666 2352 830 2425 durissima
850 2378 965 2425 contra
982 2377 1133 2425 naturam
1150 2377 1243 2450 petra
1259 2355 1293 2424 in
1308 2351 1436 2424 deserto
1454 2350 1572 2424 sitienti

532 2460 661 2556 populo
696 2459 953 2532 consolatoriam
986 2459 1142 2556 produxit
1173 2486 1297 2556 aquam
1331 2458 1406 2532 vel⁶
1432 2455 1570 2532 undam.

531 2563 621 2637 ldem
636 2567 705 2664 ipse
723 2566 767 2637 est
785 2567 848 2638 Dei
860 2568 959 2638 virtus
977 2568 1090 2638 &Dei
1106 2567 1273 2663 sapientia,
1291 2568 1349 2663 qui
1365 2569 1401 2638 ὃ(
1417 2565 1461 2636 de
1473 2565 1570 2638 Beth·
1669 2635 1670 2650 ,

527 2672 714 2745 leltemitica
750 2671 804 2744 illa
838 2695 930 2769 petra
963 2699 1085 2768 aquam
1116 2671 1227 2744 eduxit
1255 2674 1388 2769 eiusque
1413 2672 1571 2744 lacunam

530 2780 665 2876 plenam
677 2781 804 2876 semper
815 2779 958 2876 lymphis
972 2780 1160 2854 conservat:
1178 2805 1279 2877 quam
1292 2780 1399 2852 noster
1415 2779 1570 2851 Arculsus

528 2888 669 2985 propriis
685 2886 824 2985 inspexit
840 2884 1008 2958 obtutibus
1024 2889 1060 2958 ὃ(
1076 2889 1109 2960 itt
1127 2885 1245 2958 eadem
1262 2887 1382 2959 faciem
1397 2887 1485 2958 lavit.

527 3154 580 3227 lV.
607 3159 657 3225 ‘De
684 3156 749 3226 alia
774 3157 906 3251 ecclefio,
933 3160 964 3225 t'n
990 3182 1048 3247 quo
1068 3155 1150 3223 illud
1171 3157 1358 3224 vatidicum
1378 3155 1569 3248 conspicitur

930 3285 1156 3332 monumentum.

573 3429 722 3500 lucullus
748 3454 768 3500 a
794 3453 847 3500 me
870 3425 911 3500 de
930 3428 1078 3525 sepulcro
1096 3426 1207 3500 David
1232 3430 1316 3526 tegis
1333 3428 1566 3524 interrogatus,

525 3535 591 3607 ltoc
609 3533 704 3606 nobis
727 3534 917 3631 responsum
937 3533 1039 3626 dedit,
1053 3536 1214 3631 inquiens:
1241 3534 1434 3630 Sepulcrum
1451 3531 1567 3604 David

523 3643 608 3741 regis
624 3645 757 3714 interra
773 3640 898 3712 humati
918 3667 983 3740 ego
1001 3642 1069 3739 ipse
1088 3667 1160 3724 non
1172 3642 1376 3740 negligenter
1392 3641 1566 3736 inquirens

525 3746 785 3846 frequentabam,
807 3746 901 3843 quod
920 3750 955 3819 in
974 3773 1065 3845 parte
1087 3747 1197 3820 media
1223 3748 1406 3845 pavimenti
1429 3743 1566 3816 ecclesie

525 3854 589 3928 stne
614 3856 727 3952 aliquo
757 3851 893 3925 habetur
926 3852 1130 3951 superposito
1161 3878 1372 3945 ornamento,
1401 3851 1565 3924 humilem

523 3960 689 4059 lapideam
706 3959 914 4058 pyramidem
929 3959 1063 4053 habens,
1080 3960 1160 4032 illud
1173 3960 1268 4059 supra
1287 3958 1563 4050 circumdantem,

520 4065 777 4167 lampademque
794 4061 1028 4164 superpositam
1046 4067 1131 4140 clare
1146 4065 1346 4140 lucentem)

556 4253 579 4287 a.
603 4237 708 4288 Tantum
729 4237 758 4288 B.
785 4235 824 4288 vel
845 4234 948 4288 undam.
973 4263 1006 4274 -
1069 4234 1127 4287 aliis
1142 4234 1237 4304 semper
1252 4232 1420 4301 lamponium

522 4319 546 4372 b.
562 4315 616 4372 Non
625 4317 651 4370 in
659 4317 728 4370 codd.
738 4317 774 4384 t,
785 4317 824 4383 B,
834 4317 917 4380 Bam,
923 4313 974 4383 sed
983 4314 1009 4368 in
1444 4337 1449 4343 ·
