3296 5700
410 548 609 602 aanununr
636 547 829 601 nouacur.
1066 545 1135 626 315

91 765 214 838 sistunt
233 768 371 863 parietes
397 792 436 838 eit
456 767 589 860 optimis
607 762 778 860 lapidibus.
810 764 851 835 Ex
875 762 991 860 quibus
1014 789 1136 834 novem

92 873 269 944 columnis
295 898 438 969 quatuor
460 873 533 943 lunt
557 896 632 943 ante
654 873 773 944 faciem
794 869 889 966 ipsius
915 872 1134 958 monumenti,

92 1006 168 1075 que
189 1005 266 1050 cum
282 981 343 1050 suis
358 977 534 1075 parietibus
553 977 710 1050 claudunt
727 975 884 1074 lapidem,
902 1003 1016 1049 coram
1031 977 1136 1073 sepul·

93 1113 160 1157 cro
179 1083 334 1183 positum,
348 1111 449 1180 quem
460 1085 594 1182 angelus
609 1083 747 1156 revolvit
762 1086 797 1154 ἀ
811 1083 904 1180 super
918 1110 1018 1180 quem
1032 1083 1133 1156 sedit‘'

93 1193 179 1290 post
201 1190 443 1288 perpetratamb
459 1192 597 1262 Domini
619 1192 895 1262 resunestionem.
923 1193 975 1261 De
999 1190 1065 1262 hoc
1091 1191 1137 1264 se·

95 1299 224 1395 pulcro
246 1324 314 1370 non
334 1299 378 1369 est
394 1296 521 1370 necesse
539 1297 632 1394 plura
648 1295 796 1389 scribere,
823 1325 900 1369 cum
917 1297 1004 1368 dicat
1024 1313 1034 1342 ⁶
1052 1294 1137 1368 Beda

96 1409 134 1478 in
154 1405 288 1476 historia
306 1407 361 1476 sua
378 1403 481 1476 dinde
497 1403 758 1476 sufficientiam!
784 1405 862 1476 Hoc
893 1429 1002 1476 tamen
1029 1402 1138 1474 dicen·

97 1513 188 1584 dum
206 1509 293 1600 est,f
304 1509 396 1606 quod
414 1508 549 1582 sabbato
568 1511 691 1602 saudim
710 1510 803 1606 quod
821 1512 865 1582 est
882 1510 994 1608 vigilia
1011 1509 1137 1598 Pasche,

98 1645 206 1690 mane
232 1615 381 1688 officium
404 1617 557 1714 incipitur
578 1619 612 1688 in
630 1616 692 1688 hac
709 1615 852 1709 ecclesia,
878 1617 1003 1715 &post
1028 1640 1139 1714 perac-

98 1751 178 1798 tum
200 1722 351 1795 officium
363 1727 453 1818 Kyrie
470 1727 609 1817 deisona
620 1725 754 1813 canimr,
773 1723 893 1816 donec,
914 1723 1066 1797 veniente
1083 1747 1140 1791 an-

99 1832 197 1932 ge10,
225 1831 337 1902 lumen
364 1831 398 1900 in
427 1826 635 1926 lampadibus
664 1829 872 1923 accendatur,
903 1856 967 1926 que
993 1826 1141 1925 pendent

100 1939 226 2036 super*
242 1935 425 2034 predisium
437 1937 632 2033 sepulcrum,
651 1934 773 2032 dequo
792 1935 848 2008 dat
859 1936 1043 2034 patriarcha
1060 1933 1141 2031 epis·
1155 1941 1214 2004 lani·
1226 1942 1291 1989 sacer·

102 2045 201 2142 copis
218 2047 253 2114 &
270 2043 396 2139 reliquo
410 2043 549 2140 popul0‚
573 2067 608 2114 ut
623 2043 631 2087 ¹'
646 2043 806 2114 illuminet
824 2041 879 2114 sibi
896 2029 1142 2138 unuquisquei

100 2154 136 2222 in
157 2152 223 2222 suis
238 2151 329 2222 locis.
347 2153 435 2222 Hic*
451 2177 561 2222 autem
587 2149 769 2246 patriarcha
786 2149 966 2221 vocabatur
983 2149 1141 2222 Theodo-

102 2256 178 2348 sius,
207 2258 262 2354 qui
286 2254 331 2328 ob
354 2259 505 2329 meritum
522 2255 708 2330 devotionis
728 2283 747 2326 a
764 2255 953 2327 Christianis
970 2256 1015 2326 est
1031 2282 1142 2354 raptus

103 2364 147 2438 de
161 2366 222 2435 suo
238 2366 445 2454 monasteri0‚
459 2361 552 2460 quod
570 2361 664 2434 distat
679 2359 720 2433 ab
739 2363 907 2434 Ierusalem
919 2389 961 2435 xv
978 2363 1089 2455 millia,
1106 2368 1142 2435 &

102 2469 149 2542 ibi
168 2472 353 2568 patriarcha
377 2471 567 2540 constitutus
586 2470 679 2566 super
705 2494 820 2540 omnes
843 2470 1055 2560 Christianos,
1085 2471 1142 2565 qui

103 2579 181 2650 sunt
198 2579 232 2648 in
246 2577 339 2648 ‘serra
355 2578 613 2674 Repromt'ffiom's.
636 2581 719 2646 Inter
734 2577 743 2621 ²
757 2574 917 2672 predidsas
931 2576 1028 2674 igitur
1041 2578 1073 2648 iv
1089 2602 1141 2647 ec·

105 2682 218 2756 clesras
232 2684 276 2754 est
289 2681 454 2780 paradisus
467 2681 531 2753 srne
543 2687 643 2774 tesso,
656 2683 744 2754 cuius
754 2683 890 2777 parietes
902 2709 982 2754 auro
997 2681 1141 2776 radiant3

105 2795 338 2888 pauimentum
363 2813 440 2862 vero
461 2788 573 2884 lapide
589 2789 743 2860 struitur*
761 2787 1001 2886 preciosrffim0‚
1018 2787 1140 2862 habens

104 2902 139 2972 in
165 2896 281 2970 medio
306 2899 351 2968 sui
373 2895 555 2968 confinium
577 2895 609 2968 iv
631 2921 833 2986 catenarum,
855 2921 919 2992 que
938 2898 1099 2968 ”veniunt
1123 2923 1143 2966 a

107 3004 264 3103 predidiis
290 3029 430 3100 quatuor
454 2999 600 3074 ecclesiis.
635 3007 669 3075 sn
695 3027 762 3098 quo
788 3002 907 3073 dicitur
931 3002 1057 3074 medius
1075 3000 1139 3075 esse

108 3109 264 3184 mundus.

154 3216 223 3288 ΧΗ.
239 3216 306 3288 Est⁰
322 3241 469 3314 preterea
484 3217 519 3287 in
537 3217 605 3312 ipsa
618 3217 746 3287 civitate
764 3215 825 3286 alia
842 3212 974 3286 ecclesa
990 3214 1033 3286 ad
1047 3217 1142 3287 meri·

108 3322 212 3416 diem,
243 3326 278 3394 in
303 3350 400 3394 monte
425 3328 516 3417 Syon,
541 3349 605 3419 que
630 3319 746 3393 dicitur
767 3327 873 3394 Sardi
898 3327 921 3392 S
912 3330 1063 3417 ymonis,
1086 3319 1142 3394 ubi
1155 3331 1250 3380 Eccleffi
1262 3331 1324 3378 ⁵1⁰⁰·

109 3433 274 3502 Dominus
285 3430 364 3502 lavit
377 3428 477 3525 pedes
490 3428 725 3525 discipulorum
737 3431 879 3517 suorum,
893 3432 926 3500 in
944 3455 1007 3526 qua
1020 3428 1144 3525 pendet

109 3539 223 3635 spinea
239 3561 365 3608 corona
381 3537 555 3628 Domini?
575 3537 610 3605 ἀ
626 3536 661 3605 in
676 3535 738 3606 hac
756 3534 910 3606 defuncta
927 3534 1062 3606 traditur
1078 3533 1142 3606 esse

109 3647 222 3716 sarua
238 3644 349 3714 Maria.
373 3647 459 3714 {uxta
474 3668 575 3738 quam
587 3643 694 3713 versus
708 3643 878 3734 orientem,
897 3643 941 3712 est
958 3640 1090 3713 ecclesia
1107 3643 1141 3713 in

110 3751 241 3824 honore
258 3753 363 3846 sandi
388 3754 545 3843 Stephani,
572 3750 607 3819 in
632 3775 700 3846 quo
717 3748 795 3819 loco
813 3747 975 3846 lapidatus
995 3746 1142 3820 esseras·
1156 3731 1288 3856 Mffi]
1299 3731 1350 3776 ⁵²⁸·

145 3939 168 3972 a.
186 3921 213 3972 L.
226 3921 250 3970 dt
265 3918 407 3988 supersedit.
417 3948 450 3957 -
467 3921 492 3970 b.
504 3920 545 3971 M.
558 3936 599 3986 pe·
679 3917 855 3985 i.L.ubi.-j.
866 3917 1031 3986 unusquisque
1040 3917 1144 3970 aium.

113 4001 217 4054 naam.
237 4030 273 4039 —
284 4016 306 4050 c.
322 4000 347 4050 L
361 3999 434 4067 dicit3
446 4001 484 4052 Μ.
494 3997 598 4050 dicatur.
661 4028 696 4037 -
709 3999 735 4050 k.
753 4000 781 4050 L.
789 3998 822 4049 hi.
837 4029 872 4036 -
882 3997 896 4048 l.
910 3999 937 4049 V.
946 3998 1144 4063 intra.—m.L.,

115 4109 146 4120 -
158 4081 184 4133 d.
197 4082 238 4134 M.
250 4078 466 4148 hiuungiorum
479 4109 515 4118 -
527 4097 549 4132 e.
559 4080 597 4130 Μ.
663 4080 702 4143 V„
714 4080 753 4131 Μ.
770 4078 891 4130 sternitur.
911 4109 948 4117 -
964 4096 989 4130 n.
1005 4079 1030 4130 L.
1045 4076 1096 4145 qui.
1110 4108 1145 4116 —

114 4163 173 4213 add.
201 4177 251 4228 que
277 4160 301 4210 a
333 4176 379 4210 noe
410 4157 538 4227 possumus
561 4175 599 4211 re·
661 4159 731 4209 0.1,.
751 4176 788 4209 ea.
811 4188 846 4196 —-
868 4176 893 4226 p.
906 4159 942 4222 L.,
961 4160 1000 4222 V„
1017 4159 1042 4210 F.
1055 4158 1147 4209 habent

115 4237 186 4292 serre.
206 4267 239 4279 —
260 4237 280 4290 f.
303 4238 337 4291 est
354 4241 380 4290 d.
404 4237 430 4290 in
449 4240 486 4304 Ε,
504 4240 542 4302 V„
559 4240 597 4292 M.
660 4235 1145 4313 spineecoroneD.vicarium.—q.esse

115 4347 149 4364 μ
160 4337 187 4398 g.
200 4319 227 4376 L„
240 4317 325 4375 kariel.
343 4347 378 4356 -
389 4317 413 4373 h.
434 4318 458 4369 L.
473 4317 551 4396 supra.
568 4351 570 4356 ·
659 4319 684 4376 d·
698 4315 724 4374 in
740 4319 777 4378 M·
