3446 5706
542 569 593 624 nn
617 569 722 623 uocis
746 569 912 624 sunonis.
1174 565 1244 650 359

219 790 288 853 lech
310 787 465 872 pugnavit.
487 784 540 850 De
553 785 733 874 Hierosalem
748 786 840 872 usque
855 788 887 850 in
902 787 992 852 Luiia
1005 788 1046 872 xij
1063 786 1126 850 mil.
1147 785 1191 850 Et
1203 786 1245 848 ibi

219 878 396 944 Alexander
407 897 534 960 magnus
545 875 675 940 Macido
687 877 871 940 mensuravit
881 876 1075 941 altitudinem
1086 875 1164 956 caeli,
1175 897 1247 959 pro-

133 979 153 1027 f.
166 993 206 1044 ³4-
219 967 402 1030 funditatem
412 966 512 1030 maris.
524 965 674 1029 DeLuza
684 966 776 1050 usque
787 967 823 1029 ad
835 981 950 1030 montem
962 965 1064 1050 &nam
1075 962 1246 1030 manfiones

220 1055 288 1118 sunt
300 1055 364 1118 vii'.

260 1141 297 1208 ln
312 1077 546 1228 cinstaniinopoli
559 1144 616 1208 suit
635 1145 742 1225 homo,
758 1145 810 1228 qui
830 1157 957 1206 vocatur
975 1145 1127 1226 Urbitius,
1140 1144 1170 1208 δι
1183 1145 1246 1228 ipse
1258 1157 1305 1206 xx

218 1233 257 1296 ad
278 1230 392 1317 septem
412 1234 612 1316 imperatores
636 1231 805 1316 prepofitue
833 1233 892 1296 suit
910 1233 940 1296 dt
960 1254 1110 1297 coronam
1131 1230 1200 1317 ipsis
1215 1237 1246 1299 in

219 1322 319 1404 capite
333 1321 476 1405 inposuit,
487 1322 668 1387 similiter&
688 1321 884 1385 conservavit
907 1322 959 1386 Ab
974 1322 1156 1408 Hierosalem
1170 1325 1247 1388 civi-

219 1427 281 1475 tate
295 1409 338 1473 est
351 1409 437 1474 locus
452 1411 484 1473 in
499 1412 589 1474 tertio
603 1411 746 1490 miliario,
763 1411 814 1473 ubi
830 1409 931 1474 sanda
946 1411 1050 1476 Maria
1062 1427 1160 1475 mater
1176 1411 1247 1476 Do-

219 1499 307 1580 mini,
320 1499 395 1562 dum
408 1501 465 1562 iret
478 1499 510 1562 in
525 1499 676 1579 Bethlem,
691 1499 837 1562 discendit
858 1500 896 1562 de
919 1500 1008 1581 asina,
1028 1499 1149 1564 sedebat
1162 1499 1249 1584 super

219 1605 337 1672 petram
351 1583 548 1652 &benedixit
562 1609 639 1652 earn.
651 1586 717 1673 Ipse
727 1609 799 1650 vero
815 1588 984 1672 prepositus
994 1590 1137 1654 Urbitius
1149 1588 1248 1672 ipsum

218 1677 353 1758 lapidem
367 1676 484 1755 incidit,
501 1675 531 1739 δι
549 1677 621 1740 fecit
641 1697 712 1738 eum
727 1675 945 1761 quadra[tu]m,
960 1677 1090 1762 [vol]ens
1104 1678 1203 1762 e[u]m
1217 1678 1248 1740 in

106 1783 125 1832 t.
139 1797 173 1845 34
182 1783 206 1831 t.
219 1764 467 1850 Constantinopolin
477 1766 617 1848 dirigere.
625 1765 749 1828 Utcum
758 1781 861 1848 portas
869 1764 1113 1851 sandiibtephani
1122 1767 1250 1846 veniret,

220 1855 281 1917 iam
296 1851 426 1936 amplius
440 1874 508 1915 eam
524 1875 648 1916 movere
665 1874 727 1916 non
743 1869 873 1938 poterat.
893 1854 1001 1942 Quam
1021 1855 1154 1940 lapidem
1170 1877 1249 1919 unus

219 1945 308 2026 iugus
326 1942 440 2004 bovum
448 1943 686 2021 deducebant&
697 1943 770 2005 dum
779 1943 996 2028 viderentquia
1006 1944 1179 2009 nullatenus
1191 1967 1249 2028 po·

220 2047 343 2096 ruerunt
350 2052 418 2094 eain
426 2052 560 2113 movere,
570 2033 599 2095 in
609 2048 677 2096 ante
685 2032 807 2095 redacta
815 2032 929 2115 estipsa
936 2033 1014 2117 lapis
1022 2034 1059 2096 ad
1069 2033 1249 2116 Sepulchrum

220 2122 346 2202 Domini,
360 2120 390 2185 dt
404 2122 445 2184 ibi
460 2121 561 2186 altaris
576 2123 614 2185 de
629 2119 690 2206 ipsa
705 2137 789 2205 petra
801 2123 879 2186 satta
891 2121 972 2207 [est],
986 2123 1016 2186 dr
1030 2123 1068 2184 ab
1082 2122 1145 2204 ipso
1158 2122 1249 2186 altare

219 2211 495 2274 communicantur.
516 2209 623 2274 Postea
642 2233 717 2273 vero
742 2211 882 2274 Urbitius
897 2207 1067 2295 prepositus
1087 2210 1247 2275 desundtus

220 2299 263 2364 est
283 2299 335 2363 sub
357 2298 553 2378 Anastasm03
569 2298 785 2384 [sepulcbr]um
801 2299 961 2362 Urbitium
982 2299 1132 2384 usquead
1156 2300 1247 2363 tertio

137 2409 207 2472 ης.
218 2389 380 2474 sepultum,
394 2411 465 2452 eum
480 2390 551 2452 soris
565 2389 698 2453 iactavit.

260 2477 433 2547 Anastasius
445 2481 610 2563 imperator
621 2479 782 2545 aedificavit
793 2482 949 2545 civitatem
958 2480 988 2541 in
997 2477 1246 2566 Mesopotamiam,
1258 2501 1365 2550 inotvt

79 2565 85 2584 Χ
218 2575 248 2640 dt
270 2569 333 2655 ipsa
353 2570 459 2632 civitas
480 2569 592 2632 dicitur
610 2569 713 2632 Dora.
734 2570 834 2634 Tenit
855 2571 885 2633 in
907 2569 1099 2652 longitudine
1118 2568 1182 2632 mil.
1203 2571 1243 2655 vij

217 2676 343 2750 propter
354 2657 510 2737 Persoe&
524 2658 647 2741 quando
661 2659 693 2721 in
705 2661 859 2742 provintia
873 2659 1065 2742 imperatoris
1084 2659 1246 2722 veniebant

218 2755 255 2817 ad
281 2748 479 2835 predandum,
506 2747 557 2809 ubi
583 2744 723 2810 fossatum
747 2748 909 2829 faciebant,
934 2749 1007 2831 quia
1031 2770 1110 2832 aqua
1133 2749 1164 2810 in
1189 2749 1249 2812 alia

218 2844 289 2907 loco
313 2861 377 2902 non
397 2837 601 2902 inveniebant„
625 2835 676 2900 De
697 2859 758 2921 qua
778 2839 901 2902 civitate
922 2838 1032 2900 fluvius
1054 2838 1137 2916 exiit,
1157 2859 1247 2900 muro

218 2931 338 2996 cintius
352 2927 396 2991 est
408 2950 426 2991 c
440 2926 526 2990 milia
538 2949 555 2989 a
569 2927 692 2990 civitate
709 2927 760 2991 illa
773 2943 899 3012 propter
913 2926 1026 2990 Persos.
1050 2925 1180 3009 Perfidia
1193 2948 1249 2989 vo-

219 3037 307 3084 catur
321 3017 484 3102 provintia.
498 3015 562 3079 Ubi
580 3015 622 3078 est
633 3018 740 3080 civitas
757 3039 850 3102 quem
865 3015 1041 3079 Mellitinus
1054 3035 1107 3078 rex
1124 3015 1248 3079 ordina·

220 3111 274 3188 vit,
296 3108 326 3171 dr
346 3106 407 3189 ipse
429 3121 557 3168 vocatur
569 3105 709 3186 rsrminia,
731 3105 793 3189 ipsa
813 3106 856 3169 est
873 3102 1049 3187 metropoli,
1069 3102 1100 3166 dt
1114 3105 1155 3166 ibi
1171 3105 1251 3169 iacet

109 3214 170 3277 *335
183 3215 205 3261 b.
220 3219 333 3280 corpus
348 3195 488 3260 Danielis
503 3195 663 3279 prophete,
682 3217 742 3279 que
762 3196 794 3258 in
817 3193 886 3258 lacu
912 3193 1038 3256 leonum
1060 3191 1162 3256 missus
1183 3193 1249 3257 fuit.

222 3285 346 3352 Deinde
370 3285 463 3368 usque
484 3285 520 3346 ad
539 3285 696 3368 Babylonia
716 3307 777 3348 xxx
797 3283 891 3364 milia,
912 3284 964 3346 ubi
982 3281 1176 3365 requiescunt
1189 3299 1249 3347 tres

222 3378 320 3463 pueri,
339 3375 453 3454 sidrac,
478 3373 594 3438 Misaac
616 3375 647 3438 dt
667 3375 850 3458 Abdenago,
870 3375 901 3436 in
923 3394 983 3458 qua
1005 3393 1078 3434 curn
1102 3373 1249 3436 habitatio

221 3467 453 3532 hominumnon
465 3462 517 3538 est,
524 3479 649 3547 propter
660 3463 823 3547 serpentes,
829 3477 1078 3547 ypaucentaures.
1086 3459 1247 3526 Eudoxius

221 3553 368 3616 diaconus
383 3553 499 3637 primus
513 3550 635 3636 scripsit,
649 3552 773 3638 quiade
787 3551 850 3636 ipsa
864 3552 1018 3635 provintia
1032 3549 1099 3613 fuit.
