3448 5718
527 509 568 582 16
900 525 1168 578 armnnnruura

1127 645 1556 658 a———t—-tn--u—-u———n

523 743 635 818 civitas
651 742 821 816 Suadela‘
916 801 923 816 .
1029 801 1037 816 .
1142 801 1149 816 .
1257 801 1264 815 .
1403 742 1505 815 missia
1533 763 1561 814 x

572 855 618 922 sbi
629 853 718 945 sedit
735 855 845 923 aschab
863 879 925 940 rex,
947 850 978 922 st
1000 851 1113 921 Helias
1123 855 1327 946 prophetavit.
1356 853 1405 919 sbt'
1420 857 1461 942 est
1475 879 1562 921 cam·
1687 889 1688 908 r

518 986 589 1057 pus,
608 962 659 1030 ubi
679 963 787 1031 David
805 959 914 1030 Gasiat
932 961 1055 1030 occidit.

524 1067 651 1140 Civitas
668 1068 861 1164 Scythopolis
1030 1123 1037 1137 .
1144 1123 1152 1137 .
1256 1071 1266 1136 '.
1373 1121 1380 1136 .
1502 1085 1562 1136 ΧΠ

525 1174 615 1264 Aser,
633 1170 690 1246 ubi
704 1173 765 1245 fuit
780 1171 857 1245 viiia
876 1169 959 1245 lob*
1031 1230 1037 1243 .
1144 1229 1151 1243 .
1259 1229 1266 1242 .
1373 1229 1379 1242 .
1521 1193 1562 1244 v1
1688 1195 1689 1208 ¹

527 1282 639 1354 civitas
656 1283 830 1375 Neapolis
917 1337 1380 1351 .....
1508 1299 1562 1350 xv

321 1405 390 1452 Mon·
403 1400 478 1450 ostar
480 1385 622 1460 albi
637 1387 682 1458 est
702 1414 787 1459 mans
804 1391 954 1482 Gariar'm.
984 1385 1029 1458 sbi
1048 1384 1162 1458 dicum
1179 1385 1374 1457 Samaritani
1389 1384 1563 1458 Abraham

480 1415 719 1568 msacrificium
740 1489 970 1583 obtulisseflst
993 1490 1243 1564 ascenditurs
1203 1519 1224 1562 u
1240 1516 1304 1587 que
1326 1491 1369 1563 ad
1395 1493 1563 1564 summum

528 1626 680 1675 montem
696 1597 854 1700 gradibus
879 1624 1016 1673 numero
1038 1625 1105 1671 ccc.
1134 1597 1276 1672 Indead
1297 1597 1421 1697 pedem
1437 1603 1563 1673 montis

320 1718 419 1768 stenem.
529 1704 623 1804 ipsrus
649 1707 742 1780 locus
768 1707 823 1799 est,
851 1709 904 1778 cui
924 1731 1049 1779 nomen
1076 1705 1121 1778 est
1141 1707 1270 1778 sichem.
1303 1702 1349 1778 sbi
1372 1706 1417 1777 est
1440 1733 1563 1780 monu-

531 1811 691 1908 mentum,
709 1813 765 1888 ubi
784 1812 906 1913 posrtus
927 1814 972 1886 est
994 1814 1107 1912 loseph
1131 1814 1166 1886 in
1188 1814 1274 1905 villa,
1296 1839 1397 1911 quam
1415 1813 1508 1888 dedit
1532 1815 1564 1885 ei
1690 1803 1691 1812 ³

530 1920 641 2014 Iacob,
658 1945 752 2018 pater
768 1922 845 1995 eius.
864 1919 943 1994 Inde
959 1945 1053 2020 rapta
1069 1922 1114 1993 est
1127 1922 1226 2015 Dina,
1243 1920 1310 1993 siha
1327 1919 1435 2014 Iacob,
1453 1947 1474 1993 a
1488 1919 1563 1994 filiis

531 2028 800 2102 Amorrheorum.
827 2027 904 2103 inde
918 2027 1027 2128 passus
1044 2029 1133 2102 mille
1152 2029 1246 2100 locus
1268 2029 1327 2122 est,
1356 2031 1409 2100 cui
1434 2054 1563 2104 nomen
1691 2122 1692 2128 ἵ

322 2148 408 2198 siau.
530 2138 651 2226 sichar,
681 2135 769 2209 unde
795 2133 963 2208 descendit
987 2135 1102 2208 mulier
1129 2136 1322 2208 samaritana
1348 2135 1392 2207 ad
1418 2135 1565 2210 eundem
1691 2137 1692 2172 ³

530 2241 655 2332 locum,
674 2241 729 2315 ubi
748 2240 845 2316 [acob
861 2267 999 2341 puteum
1016 2241 1112 2335 fodit,
1134 2266 1169 2314 ut
1187 2240 1229 2315 de
1249 2268 1291 2314 eo
1308 2267 1430 2339 aquam
1446 2242 1565 2340 imple·

532 2373 591 2439 ret,
609 2351 827 2422 &Dominus
848 2349 929 2422 lesus
951 2349 1096 2423 Christus
1114 2375 1190 2422 cum
1213 2375 1252 2422 ea
1267 2349 1396 2421 locutus
1413 2349 1479 2422 est:
1507 2347 1566 2421 ubi

533 2456 607 2527 sunt
623 2458 658 2527 δι
675 2456 808 2530 arbores
824 2457 960 2556 platani,
978 2483 1058 2554 quas
1075 2457 1234 2556 plantavit
1249 2455 1357 2551 Iacob,
1368 2459 1404 2528 ὅ(
1416 2453 1566 2549 balneus,
1692 2507 1693 2540 ,

534 2560 650 2658 quide
668 2589 709 2635 eo
729 2588 832 2663 puteo
849 2564 996 2638 lavatur.-

583 2669 661 2742 snde
679 2671 779 2746 millia
798 2673 894 2763 xxviij
912 2669 1062 2744 euntibus
1075 2672 1277 2744 Hierusalem
1294 2673 1328 2743 in
1341 2694 1432 2770 parte
1446 2669 1567 2744 sinistra

326 2785 415 2836 ΜΝ·
534 2775 579 2848 est
594 2777 682 2868 villa,
702 2805 767 2876 que
784 2778 902 2851 dicitur
923 2783 1048 2851 bethar.
1074 2776 1153 2850 Inde
1169 2775 1277 2876 passus
1296 2779 1385 2850 mille
1400 2777 1445 2850 est
1458 2777 1566 2868 locus,
1693 2856 1694 2878 ,

535 2879 591 2955 ubi
608 2882 717 2975 Iacob,
742 2909 820 2955 cum
835 2885 896 2956 iret
911 2884 946 2955 in
965 2884 1252 2981 Mesopotamiam,
1274 2883 1441 2976 dormivit,
1463 2887 1499 2956 ὅ(
1518 2881 1567 2957 ibi
1693 2891 1694 2938 i

535 2987 581 3060 est
600 2988 697 3061 arbor
714 2989 902 3090 amygdala,
919 2993 954 3062 δι
970 2989 1051 3064 vidit
1067 2991 1183 3083 visum,
1206 2993 1241 3062 ἃ
1262 2991 1397 3090 angelus
1425 3017 1501 3063 cum
1521 3018 1565 3064 eo

534 3095 673 3168 lustatus
692 3097 746 3169 est.
773 3094 819 3170 sbi
843 3097 904 3168 fuit
930 3125 985 3172 rex
1006 3097 1224 3192 Hieroboam,
1252 3096 1296 3172 ad
1326 3125 1427 3197 quem
1453 3095 1566 3172 missus

512 3284 515 3292 ¹
536 3203 596 3275 suit
611 3203 785 3302 propheta,
804 3228 840 3275 ut
860 3229 1104 3278 converteretur
1128 3204 1173 3278 ad
1193 3208 1304 3278 Deum
1321 3206 1504 3280 excelsum:
1530 3205 1568 3275 dt

481 3349 484 3354 ¹
535 3308 655 3404 jussum
673 3311 776 3383 fuerat
792 3311 964 3408 prophete,
986 3339 1030 3385 ne
1048 3338 1125 3384 cum
1145 3309 1445 3410 pseudopropheta,
1465 3335 1567 3408 quem

535 3442 592 3488 rex
608 3418 717 3490 secum
735 3417 888 3513 habebat,
906 3419 1128 3493 manducaret.
1159 3419 1194 3490 Et
1215 3419 1293 3518 quia
1313 3417 1461 3491 sedunus
1485 3418 1567 3490 esta

536 3522 827 3624 pseudopropheta
840 3528 876 3597 ὅ(
892 3550 969 3597 cum
984 3551 1026 3598 eo
1044 3524 1266 3617 manducavit,
1285 3524 1433 3600 redeunti
1450 3549 1566 3600 occur·

537 3630 578 3702 rit
591 3629 753 3729 prophete
769 3631 824 3703 leo
841 3633 874 3702 in
892 3631 955 3723 via,
973 3635 1008 3704 δι
1028 3631 1149 3704 occidit
1166 3661 1252 3708 eum.

331 3746 456 3796 rammam.
588 3734 666 3809 inde
681 3739 873 3833 Hierusalem
936 3798 943 3812 .
1050 3799 1057 3813 .
1163 3799 1170 3813 .
1276 3798 1282 3812 .
1386 3739 1488 3813 millia
1510 3760 1568 3812 ΧΠ

538 3860 599 3954 Pit
630 3896 655 3953 a
695 3861 881 3986 Cesarea
911 3861 1134 4017 Palestina·
1151 3861 1409 3987 Hierustrsem
1440 3864 1568 4044 usque

600 3993 732 4089 millia
750 3997 855 4124 cxvj,
879 3998 1134 4127 manfiones
1120 4032 1173 4109 tv,
1191 3999 1430 4093 mutationes
1445 3998 1522 4090 ἰν.

588 4237 691 4311 Sunt
683 4264 717 4312 tn
729 4240 1001 4314 Hierusalems
948 4267 982 4339 pr
998 4243 1070 4315 cine
1082 4269 1203 4344 magne
1216 4241 1280 4316 due
1293 4242 1336 4315 ad
1350 4242 1433 4314 satus
1445 4242 1570 4340 tempsi,

575 4431 598 4468 ι.
621 4417 648 4469 V.
662 4417 788 4472 Istradela.
803 4447 835 4458 -
850 4418 874 4470 b.
892 4417 919 4469 V.
931 4419 981 4486 xvj.
995 4447 1028 4458 -
1040 4435 1061 4472 c.
1078 4419 1106 4473 V.
1120 4436 1173 4472 orn.
1190 4430 1252 4472 mut.
1265 4419 1297 4472 ἰν.
