3354 5706
452 499 503 552 uu
527 499 631 552 uocis
652 499 817 552 saucrrs.
1087 485 1152 576 187

105 759 262 832 XXVlll.
282 769 331 833 Ue
345 763 539 833 oslexondrio
557 761 697 854 &Nilo
708 765 835 852 flumine
852 760 1060 831 &crocodilis
1076 769 1150 831 eius.

159 927 315 999 Grandis
332 928 385 1000 illa
403 929 525 1019 civitas,
544 955 608 1024 que
634 924 805 1023 quondam
827 926 1152 1024 metropolis'Egypti

108 1036 236 1124 suerat,
245 1033 396 1106 hebraice
409 1037 490 1107 olim
499 1036 553 1107 No
563 1031 782 1107 vocitabatur:
791 1030 864 1104 urbs
875 1031 970 1103 valde
979 1035 1151 1131 populosa,

107 1168 178 1236 que
205 1140 253 1214 ab
272 1141 459 1213 Alexandro
480 1169 556 1239 rege
584 1139 778 1230 Macedone,
805 1138 950 1210 eiusdem
968 1139 1152 1232 conditore,

107 1249 247 1320 famosa
263 1247 459 1320 Alexandria
475 1273 558 1319 noto
576 1274 634 1344 per
651 1247 812 1318 universas
831 1269 946 1343 gentes
965 1247 1153 1318 nominatur

108 1353 298 1446 vocabulo,
323 1359 357 1426 ὃ(
382 1353 648 1453 magnitudinem
674 1351 759 1424 urbis
781 1355 815 1423 ἃ
837 1378 962 1424 nomen
989 1354 1153 1449 accipiens

109 1459 154 1532 ab
173 1459 512 1536 eodemedificatooe.
532 1463 583 1531 De
597 1462 686 1531 cuius
705 1457 762 1530 sttu
780 1460 879 1530 etiam
892 1460 1043 1530 Atculsus
1060 1487 1151 1531 enat·

111 1595 201 1659 rans,
220 1567 267 1661 ab
283 1568 341 1660 his,
367 1593 429 1663 que
446 1568 534 1663 prius
554 1567 695 1638 lediione
717 1564 900 1658 didicimus,
922 1566 1013 1638 nullo
1037 1565 1152 1638 discre-

112 1699 174 1772 pat
190 1674 311 1746 modu.

163 1782 241 1878 Qi
256 1779 299 1852 ab
313 1781 548 1874 Hierosolymis
563 1777 761 1851 descendens
777 1781 812 1850 &
827 1777 869 1850 ab
884 1785 985 1876 ioppe
998 1783 1153 1878 navigare

114 1890 293 1984 incipiens,
311 1889 529 1986 quadraginta
542 1887 668 1959 dierum
683 1887 741 1958 iter
754 1887 853 1982 usque
867 1885 910 1958 ad
922 1887 1154 1959 Alexandriam

115 1992 245 2086 habuit,
264 1996 306 2068 de
323 2022 389 2092 qua
406 1995 544 2066 breviter
560 1994 693 2064 Nahum
707 1993 871 2090 prophete
884 1995 990 2065 sermo
1008 1993 1154 2086 habetur,

115 2106 161 2172 ita
176 2101 333 2175 dicentis:
351 2109 444 2196 osque
464 2109 494 2173 irt
512 2109 639 2172 circuitu
654 2107 729 2192 eius,
743 2108 829 2171 cuius
845 2105 954 2171 divitie
970 2129 1062 2190 more,
1081 2131 1155 2196 oque

117 2216 197 2280 muri
218 2217 296 2281 eius.
321 2207 373 2280 Ab
394 2209 522 2280 australi
545 2234 689 2304 namque
714 2233 806 2304 parte
824 2208 909 2278 ostiis
927 2209 992 2280 Nili
1012 2207 1154 2281 fluminis

117 2319 275 2415 cingitur,
293 2315 335 2388 ab
351 2316 531 2413 aquilonali
547 2341 625 2388 veto
641 2316 773 2412 plagast
788 2311 830 2384 stc
851 2317 961 2410 itaque
978 2314 1155 2414 descriptus

119 2449 231 2521 aperte
245 2422 319 2495 fitus
337 2424 531 2496 monstratur
548 2426 625 2515 eius,
640 2422 741 2518 quod,
761 2421 873 2517 supet⁶
889 2423 1002 2494 Nilum
1015 2427 1050 2495 ἃ
1063 2452 1152 2499 mare

119 2529 237 2628 pofita,
256 2530 333 2601 hinc
344 2533 379 2601 δε
392 2529 470 2601 inde
484 2531 576 2626 aquis
591 2527 762 2600 ambiatur.
785 2531 862 2627 Que
880 2528 969 2625 quast
982 2531 1154 2602 claustrum

120 2640 203 2710 inter
215 2637 380 2736 Egyptum
392 2641 427 2709 δε
440 2665 529 2709 mare
541 2638 701 2734 Magnum
712 2638 882 2708 interiacet
893 2640 1017 2730 civitas,
1030 2639 1154 2734 impor-

120 2745 225 2836 tuosa,
249 2742 292 2816 ab
315 2769 448 2816 externo
470 2740 608 2814 difficilis
631 2740 767 2814 accessu.
790 2744 894 2815 Cuius
912 2770 1024 2841 portus
1042 2744 1155 2814 ceteris

122 2850 300 2943 difficilior,
323 2848 410 2948 quast
431 2850 472 2922 ad
495 2851 636 2921 sormam
658 2850 793 2921 humani
815 2853 973 2949 corporis,
996 2853 1030 2922 in
1047 2853 1154 2948 capite

121 2959 192 3054 ipso
209 2959 401 3030 &statione
420 2956 585 3054 capacior,
603 2958 636 3027 in
654 2953 802 3027 faucibus
825 2984 904 3029 vero
925 2959 1099 3056 angustior,
1122 2959 1155 3026 in

123 3090 187 3160 qua
211 3087 340 3134 meatus
362 3065 458 3134 maris
480 3089 519 3134 ac
544 3062 680 3134 navium
703 3062 844 3159 suscipit,
868 3061 984 3158 quibus
1012 3063 1155 3160 quedam

124 3169 267 3266 spirandi
281 3167 419 3240 subsidia
435 3170 545 3266 portui
563 3167 851 3241 subministrantur.
869 3167 934 3242 Ubi
950 3171 1020 3265 quis
1037 3172 1154 3270 angus-

124 3277 181 3348 tias
197 3301 301 3372 atque
320 3301 379 3346 ota
395 3287 509 3371 por'tus
527 3275 672 3365 evaserit,
686 3300 855 3376 tamquam
870 3278 994 3373 reliqua
1007 3277 1154 3373 corporis

126 3384 245 3475 forma,
263 3385 308 3454 ita
321 3378 446 3453 diffufio
461 3384 558 3453 maris
569 3382 674 3480 longe
684 3383 815 3478 lateque
828 3384 1021 3456 extenditur.
1042 3385 1156 3456 ineius

126 3488 238 3564 dextra
260 3513 373 3587 portus
396 3515 495 3585 parva
515 3488 618 3560 insula
639 3487 789 3580 habetur,
810 3491 927 3585 inqua
951 3493 1095 3563 maxima
1112 3491 1156 3562 est

128 3600 227 3688 turris,
251 3622 353 3692 quam
375 3597 607 3666 incommune
629 3597 729 3666 Greci
756 3622 795 3668 ac
812 3597 914 3668 latini
939 3625 977 3670 ert
998 3594 1094 3695 ipsius
1111 3599 1157 3668 rei

129 3705 181 3776 usu
197 3711 332 3774 Pharum
349 3703 587 3792 vocitaverunt,
606 3729 648 3774 eo
666 3702 759 3799 quod
774 3703 877 3803 longe
895 3732 913 3776 a
927 3702 1157 3802 navigantibus

129 3810 285 3900 videatur,
309 3833 355 3898 ut,
373 3809 562 3906 priusquam
578 3812 612 3880 in
630 3836 765 3907 portum
781 3810 1060 3908 adpropinquent,
1078 3837 1157 3882 noc·

130 3939 224 3986 turno
241 3918 404 3988 maxime‘
421 3941 570 4013 tempore
588 3941 704 3989 tetram
722 3917 896 3989 finitimam
913 3915 970 3988 stbi
986 3916 1051 3989 esse
1064 3914 1156 3988 flam-

131 4047 255 4094 marum
288 4022 443 4095 incendio
477 4023 692 4122 cognoscant,
723 4051 764 4095 ne
794 4021 934 4095 tenebris
964 4023 1096 4120 decepti
1123 4027 1157 4096 in

164 4209 186 4242 a.
198 4191 238 4243 Sit
252 4209 309 4260 ego,
325 4191 362 4244 al.
381 4191 436 4244 lacu
457 4193 611 4245 Mateotico.
675 4195 710 4258 R;
728 4179 809 4261 Gretfl
831 4195 897 4245 nou.
918 4194 941 4245 in
955 4194 1005 4246 srnu
1019 4207 1105 4262 temp,
1122 4191 1157 4243 al.

133 4297 163 4309 -·
177 4272 202 4322 b.
215 4271 284 4325 Forte
296 4272 367 4325 inter.
381 4301 413 4313 -
427 4290 448 4324 c.
461 4273 503 4338 B.,
517 4276 558 4336 6,,
577 4273 613 4339 V,
674 4273 741 4325 troil.
754 4285 830 4343 temp.
