<?xml version="1.0" encoding="UTF-8"?>
<!DOCTYPE html PUBLIC "-//W3C//DTD XHTML 1.0 Transitional//EN"
    "http://www.w3.org/TR/xhtml1/DTD/xhtml1-transitional.dtd">
<html xmlns="http://www.w3.org/1999/xhtml" xml:lang="en" lang="en">
 <head>
  <title>
</title>
<meta http-equiv="Content-Type" content="text/html;charset=utf-8" />
  <meta name='ocr-system' content='tesseract 3.04.00' />
  <meta name='ocr-capabilities' content='ocr_page ocr_carea ocr_par ocr_line ocrx_word'/>
</head>
<body>
  <div class='ocr_page' id='page_1' title='image "./itinerahierosol00berngoog_0433.png"; bbox 0 0 3446 5706; ppageno 0'>
   <div class='ocr_carea' id='block_1_1' title="bbox 478 555 1098 655">
    <p class='ocr_par' dir='ltr' id='par_1_1' title="bbox 478 555 1098 655">
     <span class='ocr_line' id='line_1_1' title="bbox 478 555 1098 655; baseline -0.002 -23"><span class='ocrx_word' id='word_1_1' title='bbox 478 555 582 655; x_wconf 78' lang='lat'>360⁸*</span> <span class='ocrx_word' id='word_1_2' title='bbox 861 579 1098 633; x_wconf 76' lang='lat' dir='ltr'>armonosrus</span> 
     </span>
    </p>
   </div>
   <div class='ocr_carea' id='block_1_2' title="bbox 411 794 1716 4443">
    <p class='ocr_par' dir='ltr' id='par_1_2' title="bbox 411 794 1716 4443">
     <span class='ocr_line' id='line_1_2' title="bbox 475 794 1511 881; baseline 0.005 -26"><span class='ocrx_word' id='word_1_3' title='bbox 475 795 520 858; x_wconf 84' lang='lat' dir='ltr'>vit</span> <span class='ocrx_word' id='word_1_4' title='bbox 530 794 695 860; x_wconf 83' lang='lat' dir='ltr'>Abimelec</span> <span class='ocrx_word' id='word_1_5' title='bbox 711 795 762 858; x_wconf 90' lang='lat' dir='ltr'>sub</span> <span class='ocrx_word' id='word_1_6' title='bbox 779 795 887 858; x_wconf 87' lang='lat' dir='ltr'>arbore</span> <span class='ocrx_word' id='word_1_7' title='bbox 900 795 976 860; x_wconf 87' lang='lat' dir='ltr'>sicus</span> <span class='ocrx_word' id='word_1_8' title='bbox 991 796 1078 859; x_wconf 85' lang='lat' dir='ltr'>annis</span> <span class='ocrx_word' id='word_1_9' title='bbox 1091 795 1168 879; x_wconf 85' lang='lat' dir='ltr'>xliij,</span> <span class='ocrx_word' id='word_1_10' title='bbox 1181 795 1245 859; x_wconf 89' lang='lat' dir='ltr'>mil.</span> <span class='ocrx_word' id='word_1_11' title='bbox 1256 797 1281 881; x_wconf 88' lang='lat' dir='ltr'>j,</span> <span class='ocrx_word' id='word_1_12' title='bbox 1295 796 1368 880; x_wconf 86' lang='lat' dir='ltr'>quia</span> <span class='ocrx_word' id='word_1_13' title='bbox 1377 796 1511 860; x_wconf 86' lang='lat' dir='ltr'>Abime·</span> 
     </span>
     <span class='ocr_line' id='line_1_3' title="bbox 475 883 1510 969; baseline 0.004 -24"><span class='ocrx_word' id='word_1_14' title='bbox 475 883 523 946; x_wconf 88' lang='lat' dir='ltr'>lec</span> <span class='ocrx_word' id='word_1_15' title='bbox 540 884 704 968; x_wconf 89' lang='lat' dir='ltr'>discipulus</span> <span class='ocrx_word' id='word_1_16' title='bbox 716 886 774 947; x_wconf 91' lang='lat' dir='ltr'>suit</span> <span class='ocrx_word' id='word_1_17' title='bbox 788 884 881 948; x_wconf 67' lang='lat' dir='ltr'>saneti</span> <span class='ocrx_word' id='word_1_18' title='bbox 893 885 1057 949; x_wconf 90' lang='lat' dir='ltr'>Hieremie.</span> <span class='ocrx_word' id='word_1_19' title='bbox 1070 885 1156 948; x_wconf 88' lang='lat' dir='ltr'>Hubi</span> <span class='ocrx_word' id='word_1_20' title='bbox 1167 886 1224 948; x_wconf 88' lang='lat' dir='ltr'>fuit</span> <span class='ocrx_word' id='word_1_21' title='bbox 1235 884 1336 949; x_wconf 87' lang='lat' dir='ltr'>Baruc</span> <span class='ocrx_word' id='word_1_22' title='bbox 1349 887 1510 969; x_wconf 83' lang='lat' dir='ltr'>propheta.</span> 
     </span>
     <span class='ocr_line' id='line_1_4' title="bbox 438 968 1595 1057; baseline -0.003 -19"><span class='ocrx_word' id='word_1_23' title='bbox 438 991 461 1038; x_wconf 90' lang='lat'>11</span> <span class='ocrx_word' id='word_1_24' title='bbox 516 968 553 1036; x_wconf 95' lang='lat' dir='ltr'>In</span> <span class='ocrx_word' id='word_1_25' title='bbox 568 974 691 1037; x_wconf 87' lang='lat' dir='ltr'>civitate</span> <span class='ocrx_word' id='word_1_26' title='bbox 707 972 898 1037; x_wconf 85' lang='lat' dir='ltr'>Hierusalem</span> <span class='ocrx_word' id='word_1_27' title='bbox 921 976 958 1038; x_wconf 93' lang='lat' dir='ltr'>ad</span> <span class='ocrx_word' id='word_1_28' title='bbox 977 974 1193 1057; x_wconf 83' lang='lat' dir='ltr'><strong>Sepulchrum,</strong></span> <span class='ocrx_word' id='word_1_29' title='bbox 1212 975 1286 1038; x_wconf 90' lang='lat' dir='ltr'>hubi</span> <span class='ocrx_word' id='word_1_30' title='bbox 1307 975 1351 1037; x_wconf 89' lang='lat' dir='ltr'>est</span> <span class='ocrx_word' id='word_1_31' title='bbox 1364 973 1511 1040; x_wconf 81' lang='lat' dir='ltr'>calvarie</span> <span class='ocrx_word' id='word_1_32' title='bbox 1523 986 1542 1034; x_wconf 82' lang='lat' dir='ltr'>f.</span> <span class='ocrx_word' id='word_1_33' title='bbox 1554 1001 1595 1049; x_wconf 76' lang='lat'>11¹</span> 
     </span>
     <span class='ocr_line' id='line_1_5' title="bbox 475 1061 1511 1147; baseline 0.002 -23"><span class='ocrx_word' id='word_1_34' title='bbox 475 1063 573 1143; x_wconf 92' lang='lat' dir='ltr'>locus,</span> <span class='ocrx_word' id='word_1_35' title='bbox 593 1063 667 1126; x_wconf 90' lang='lat' dir='ltr'>hubi</span> <span class='ocrx_word' id='word_1_36' title='bbox 683 1063 861 1127; x_wconf 87' lang='lat' dir='ltr'>Habraham</span> <span class='ocrx_word' id='word_1_37' title='bbox 876 1063 989 1147; x_wconf 88' lang='lat' dir='ltr'>optulit</span> <span class='ocrx_word' id='word_1_38' title='bbox 1001 1063 1100 1126; x_wconf 89' lang='lat' dir='ltr'>filium</span> <span class='ocrx_word' id='word_1_39' title='bbox 1115 1063 1200 1126; x_wconf 95' lang='lat' dir='ltr'>suum</span> <span class='ocrx_word' id='word_1_40' title='bbox 1220 1063 1442 1127; x_wconf 86' lang='lat' dir='ltr'>holocaustum.</span> <span class='ocrx_word' id='word_1_41' title='bbox 1467 1061 1511 1126; x_wconf 84' lang='lat' dir='ltr'>Et</span> 
     </span>
     <span class='ocr_line' id='line_1_6' title="bbox 476 1152 1510 1237; baseline 0 -23"><span class='ocrx_word' id='word_1_42' title='bbox 476 1174 536 1234; x_wconf 93' lang='lat' dir='ltr'>que</span> <span class='ocrx_word' id='word_1_43' title='bbox 551 1173 641 1216; x_wconf 90' lang='lat' dir='ltr'>mons</span> <span class='ocrx_word' id='word_1_44' title='bbox 656 1170 789 1236; x_wconf 89' lang='lat' dir='ltr'>petreus,</span> <span class='ocrx_word' id='word_1_45' title='bbox 810 1154 840 1215; x_wconf 92' lang='lat' dir='ltr'>in</span> <span class='ocrx_word' id='word_1_46' title='bbox 863 1152 927 1236; x_wconf 94' lang='lat' dir='ltr'>ipso</span> <span class='ocrx_word' id='word_1_47' title='bbox 952 1167 1068 1231; x_wconf 88' lang='lat' dir='ltr'>monte,</span> <span class='ocrx_word' id='word_1_48' title='bbox 1089 1174 1128 1215; x_wconf 94' lang='lat' dir='ltr'>oc</span> <span class='ocrx_word' id='word_1_49' title='bbox 1151 1152 1193 1216; x_wconf 88' lang='lat' dir='ltr'>est</span> <span class='ocrx_word' id='word_1_50' title='bbox 1214 1153 1251 1216; x_wconf 82' lang='lat' dir='ltr'>ad</span> <span class='ocrx_word' id='word_1_51' title='bbox 1273 1153 1367 1237; x_wconf 84' lang='lat' dir='ltr'>pedes</span> <span class='ocrx_word' id='word_1_52' title='bbox 1386 1169 1510 1215; x_wconf 87' lang='lat' dir='ltr'>montes</span> 
     </span>
     <span class='ocr_line' id='line_1_7' title="bbox 476 1238 1511 1325; baseline 0.001 -23"><span class='ocrx_word' id='word_1_53' title='bbox 476 1238 578 1324; x_wconf 86' lang='lat' dir='ltr'>ipsius,</span> <span class='ocrx_word' id='word_1_54' title='bbox 592 1242 751 1305; x_wconf 90' lang='lat' dir='ltr'>Abraham</span> <span class='ocrx_word' id='word_1_55' title='bbox 765 1242 839 1306; x_wconf 90' lang='lat' dir='ltr'>secit</span> <span class='ocrx_word' id='word_1_56' title='bbox 852 1241 968 1320; x_wconf 87' lang='lat' dir='ltr'>altaria,</span> <span class='ocrx_word' id='word_1_57' title='bbox 982 1241 1085 1306; x_wconf 88' lang='lat' dir='ltr'>subtus</span> <span class='ocrx_word' id='word_1_58' title='bbox 1100 1243 1216 1306; x_wconf 88' lang='lat' dir='ltr'>eminet</span> <span class='ocrx_word' id='word_1_59' title='bbox 1229 1264 1328 1307; x_wconf 89' lang='lat' dir='ltr'>mons.</span> <span class='ocrx_word' id='word_1_60' title='bbox 1346 1242 1398 1304; x_wconf 89' lang='lat' dir='ltr'>Ad</span> <span class='ocrx_word' id='word_1_61' title='bbox 1415 1263 1511 1325; x_wconf 89' lang='lat' dir='ltr'>quern</span> 
     </span>
     <span class='ocr_line' id='line_1_8' title="bbox 476 1329 1512 1414; baseline 0.002 -22"><span class='ocrx_word' id='word_1_62' title='bbox 476 1346 615 1394; x_wconf 91' lang='lat' dir='ltr'>montem</span> <span class='ocrx_word' id='word_1_63' title='bbox 631 1352 685 1414; x_wconf 91' lang='lat' dir='ltr'>per</span> <span class='ocrx_word' id='word_1_64' title='bbox 697 1333 809 1414; x_wconf 86' lang='lat' dir='ltr'>grados</span> <span class='ocrx_word' id='word_1_65' title='bbox 823 1330 952 1410; x_wconf 87' lang='lat' dir='ltr'>colator,</span> <span class='ocrx_word' id='word_1_66' title='bbox 970 1331 1022 1393; x_wconf 93' lang='lat' dir='ltr'>ubi</span> <span class='ocrx_word' id='word_1_67' title='bbox 1038 1329 1196 1394; x_wconf 89' lang='lat' dir='ltr'>Dominus</span> <span class='ocrx_word' id='word_1_68' title='bbox 1207 1330 1371 1394; x_wconf 82' lang='lat' dir='ltr'>crucifixus</span> <span class='ocrx_word' id='word_1_69' title='bbox 1385 1329 1437 1392; x_wconf 85' lang='lat' dir='ltr'>est.</span> <span class='ocrx_word' id='word_1_70' title='bbox 1457 1329 1512 1394; x_wconf 91' lang='lat' dir='ltr'>De</span> 
     </span>
     <span class='ocr_line' id='line_1_9' title="bbox 476 1418 1512 1504; baseline -0.002 -21"><span class='ocrx_word' id='word_1_71' title='bbox 476 1419 644 1504; x_wconf 88' lang='lat' dir='ltr'>Sepulchro</span> <span class='ocrx_word' id='word_1_72' title='bbox 666 1419 796 1483; x_wconf 88' lang='lat' dir='ltr'>Domini</span> <span class='ocrx_word' id='word_1_73' title='bbox 817 1418 910 1503; x_wconf 92' lang='lat' dir='ltr'>usque</span> <span class='ocrx_word' id='word_1_74' title='bbox 932 1421 968 1482; x_wconf 92' lang='lat' dir='ltr'>ad</span> <span class='ocrx_word' id='word_1_75' title='bbox 988 1419 1129 1484; x_wconf 84' lang='lat' dir='ltr'>Calvarie</span> <span class='ocrx_word' id='word_1_76' title='bbox 1150 1420 1255 1482; x_wconf 90' lang='lat' dir='ltr'>locum</span> <span class='ocrx_word' id='word_1_77' title='bbox 1274 1421 1342 1484; x_wconf 92' lang='lat' dir='ltr'>sunt</span> <span class='ocrx_word' id='word_1_78' title='bbox 1360 1419 1432 1501; x_wconf 84' lang='lat' dir='ltr'>palli</span> <span class='ocrx_word' id='word_1_79' title='bbox 1451 1441 1512 1482; x_wconf 90' lang='lat' dir='ltr'>nu-</span> 
     </span>
     <span class='ocr_line' id='line_1_10' title="bbox 425 1507 1153 1572; baseline 0.003 -2"><span class='ocrx_word' id='word_1_80' title='bbox 425 1517 462 1564; x_wconf 91' lang='lat' dir='ltr'>1v</span> <span class='ocrx_word' id='word_1_81' title='bbox 477 1530 563 1572; x_wconf 92' lang='lat' dir='ltr'>mero</span> <span class='ocrx_word' id='word_1_82' title='bbox 578 1530 627 1571; x_wconf 87' lang='lat' dir='ltr'>xv.</span> <span class='ocrx_word' id='word_1_83' title='bbox 642 1509 706 1571; x_wconf 93' lang='lat' dir='ltr'>Ubi</span> <span class='ocrx_word' id='word_1_84' title='bbox 722 1530 798 1571; x_wconf 89' lang='lat' dir='ltr'>crux</span> <span class='ocrx_word' id='word_1_85' title='bbox 814 1507 946 1572; x_wconf 89' lang='lat' dir='ltr'>Domini</span> <span class='ocrx_word' id='word_1_86' title='bbox 961 1509 1085 1572; x_wconf 88' lang='lat' dir='ltr'>inventa</span> <span class='ocrx_word' id='word_1_87' title='bbox 1098 1507 1153 1572; x_wconf 90' lang='lat' dir='ltr'>est.</span> 
     </span>
     <span class='ocr_line' id='line_1_11' title="bbox 427 1595 1511 1683; baseline 0.002 -23"><span class='ocrx_word' id='word_1_88' title='bbox 427 1604 462 1652; x_wconf 85' lang='lat' dir='ltr'>tv</span> <span class='ocrx_word' id='word_1_89' title='bbox 518 1597 570 1662; x_wconf 88' lang='lat' dir='ltr'>De</span> <span class='ocrx_word' id='word_1_90' title='bbox 585 1595 726 1682; x_wconf 84' lang='lat' dir='ltr'>Gulgota</span> <span class='ocrx_word' id='word_1_91' title='bbox 740 1598 833 1681; x_wconf 93' lang='lat' dir='ltr'>usque</span> <span class='ocrx_word' id='word_1_92' title='bbox 848 1598 879 1660; x_wconf 92' lang='lat' dir='ltr'>in</span> <span class='ocrx_word' id='word_1_93' title='bbox 900 1596 1032 1660; x_wconf 67' lang='lat' dir='ltr'>sarraliam</span> <span class='ocrx_word' id='word_1_94' title='bbox 1047 1597 1128 1680; x_wconf 89' lang='lat' dir='ltr'>Syon</span> <span class='ocrx_word' id='word_1_95' title='bbox 1150 1597 1221 1679; x_wconf 87' lang='lat' dir='ltr'>passi</span> <span class='ocrx_word' id='word_1_96' title='bbox 1241 1617 1373 1660; x_wconf 89' lang='lat' dir='ltr'>numero</span> <span class='ocrx_word' id='word_1_97' title='bbox 1387 1619 1434 1679; x_wconf 81' lang='lat' dir='ltr'>cc,</span> <span class='ocrx_word' id='word_1_98' title='bbox 1448 1619 1511 1683; x_wconf 87' lang='lat' dir='ltr'>que</span> 
     </span>
     <span class='ocr_line' id='line_1_12' title="bbox 477 1684 1629 1770; baseline -0.001 -23"><span class='ocrx_word' id='word_1_99' title='bbox 477 1703 574 1750; x_wconf 87' lang='lat' dir='ltr'>mater</span> <span class='ocrx_word' id='word_1_100' title='bbox 588 1686 631 1751; x_wconf 88' lang='lat' dir='ltr'>est</span> <span class='ocrx_word' id='word_1_101' title='bbox 645 1689 785 1750; x_wconf 92' lang='lat' dir='ltr'>omnium</span> <span class='ocrx_word' id='word_1_102' title='bbox 804 1684 1018 1766; x_wconf 70' lang='lat' dir='ltr'>aecclesiarum,</span> <span class='ocrx_word' id='word_1_103' title='bbox 1039 1707 1132 1770; x_wconf 94' lang='lat' dir='ltr'>quam</span> <span class='ocrx_word' id='word_1_104' title='bbox 1146 1686 1219 1750; x_wconf 89' lang='lat' dir='ltr'>Sion</span> <span class='ocrx_word' id='word_1_105' title='bbox 1235 1685 1393 1750; x_wconf 86' lang='lat' dir='ltr'>Dominus</span> <span class='ocrx_word' id='word_1_106' title='bbox 1406 1687 1512 1751; x_wconf 86' lang='lat' dir='ltr'>noster</span> <span class='ocrx_word' id='word_1_107' title='bbox 1523 1699 1541 1748; x_wconf 90' lang='lat' dir='ltr'>t</span> <span class='ocrx_word' id='word_1_108' title='bbox 1554 1701 1629 1761; x_wconf 79' lang='lat' dir='ltr'>131b.</span> 
     </span>
     <span class='ocr_line' id='line_1_13' title="bbox 476 1770 1509 1858; baseline 0.002 -20"><span class='ocrx_word' id='word_1_109' title='bbox 476 1773 579 1840; x_wconf 90' lang='lat' dir='ltr'>lhesus</span> <span class='ocrx_word' id='word_1_110' title='bbox 588 1776 726 1840; x_wconf 89' lang='lat' dir='ltr'>Christus</span> <span class='ocrx_word' id='word_1_111' title='bbox 737 1797 809 1840; x_wconf 92' lang='lat' dir='ltr'>cum</span> <span class='ocrx_word' id='word_1_112' title='bbox 824 1776 968 1858; x_wconf 89' lang='lat' dir='ltr'>apostolis</span> <span class='ocrx_word' id='word_1_113' title='bbox 977 1776 1126 1838; x_wconf 78' lang='lat' dir='ltr'>fundavit.</span> <span class='ocrx_word' id='word_1_114' title='bbox 1138 1770 1206 1858; x_wconf 91' lang='lat' dir='ltr'>Ipsa</span> <span class='ocrx_word' id='word_1_115' title='bbox 1216 1774 1284 1838; x_wconf 92' lang='lat' dir='ltr'>sunt</span> <span class='ocrx_word' id='word_1_116' title='bbox 1292 1775 1403 1840; x_wconf 89' lang='lat' dir='ltr'>domus</span> <span class='ocrx_word' id='word_1_117' title='bbox 1416 1776 1509 1840; x_wconf 78' lang='lat' dir='ltr'>sanffi</span> 
     </span>
     <span class='ocr_line' id='line_1_14' title="bbox 477 1862 1510 1948; baseline 0.004 -21"><span class='ocrx_word' id='word_1_118' title='bbox 477 1863 602 1928; x_wconf 91' lang='lat' dir='ltr'>Marchi</span> <span class='ocrx_word' id='word_1_119' title='bbox 614 1863 805 1948; x_wconf 85' lang='lat' dir='ltr'>evarrgeliste.</span> <span class='ocrx_word' id='word_1_120' title='bbox 819 1862 870 1927; x_wconf 90' lang='lat' dir='ltr'>De</span> <span class='ocrx_word' id='word_1_121' title='bbox 878 1864 952 1928; x_wconf 93' lang='lat' dir='ltr'>Sion</span> <span class='ocrx_word' id='word_1_122' title='bbox 963 1866 1000 1928; x_wconf 88' lang='lat' dir='ltr'>ad</span> <span class='ocrx_word' id='word_1_123' title='bbox 1012 1863 1140 1927; x_wconf 93' lang='lat' dir='ltr'>domum</span> <span class='ocrx_word' id='word_1_124' title='bbox 1150 1864 1280 1947; x_wconf 86' lang='lat' dir='ltr'>Caiphe,</span> <span class='ocrx_word' id='word_1_125' title='bbox 1288 1887 1349 1948; x_wconf 90' lang='lat' dir='ltr'>que</span> <span class='ocrx_word' id='word_1_126' title='bbox 1359 1865 1403 1928; x_wconf 86' lang='lat' dir='ltr'>cst</span> <span class='ocrx_word' id='word_1_127' title='bbox 1413 1869 1510 1931; x_wconf 90' lang='lat' dir='ltr'>modo</span> 
     </span>
     <span class='ocr_line' id='line_1_15' title="bbox 476 1950 1184 2037; baseline 0.001 -22"><span class='ocrx_word' id='word_1_128' title='bbox 476 1950 620 2017; x_wconf 85' lang='lat' dir='ltr'>aecclesiae</span> <span class='ocrx_word' id='word_1_129' title='bbox 635 1954 736 2017; x_wconf 69' lang='lat' dir='ltr'>Sausii</span> <span class='ocrx_word' id='word_1_130' title='bbox 751 1953 842 2032; x_wconf 87' lang='lat' dir='ltr'>Petri,</span> <span class='ocrx_word' id='word_1_131' title='bbox 856 1953 923 2016; x_wconf 92' lang='lat' dir='ltr'>sunt</span> <span class='ocrx_word' id='word_1_132' title='bbox 938 1955 1007 2037; x_wconf 82' lang='lat' dir='ltr'>passa</span> <span class='ocrx_word' id='word_1_133' title='bbox 1020 1975 1149 2018; x_wconf 91' lang='lat' dir='ltr'>numero</span> <span class='ocrx_word' id='word_1_134' title='bbox 1163 1955 1184 2016; x_wconf 86' lang='lat' dir='ltr'>l.</span> 
     </span>
     <span class='ocr_line' id='line_1_16' title="bbox 413 2039 1510 2126; baseline 0.004 -22"><span class='ocrx_word' id='word_1_135' title='bbox 413 2041 461 2091; x_wconf 84' lang='lat' dir='ltr'>vlt</span> <span class='ocrx_word' id='word_1_136' title='bbox 516 2041 568 2105; x_wconf 94' lang='lat' dir='ltr'>De</span> <span class='ocrx_word' id='word_1_137' title='bbox 583 2046 677 2106; x_wconf 93' lang='lat' dir='ltr'>domo</span> <span class='ocrx_word' id='word_1_138' title='bbox 693 2043 814 2126; x_wconf 90' lang='lat' dir='ltr'>Caiphe</span> <span class='ocrx_word' id='word_1_139' title='bbox 828 2042 921 2126; x_wconf 92' lang='lat' dir='ltr'>usque</span> <span class='ocrx_word' id='word_1_140' title='bbox 936 2043 973 2105; x_wconf 91' lang='lat' dir='ltr'>ad</span> <span class='ocrx_word' id='word_1_141' title='bbox 986 2044 1159 2126; x_wconf 90' lang='lat' dir='ltr'>preturium</span> <span class='ocrx_word' id='word_1_142' title='bbox 1178 2040 1267 2106; x_wconf 83' lang='lat' dir='ltr'>Pilati</span> <span class='ocrx_word' id='word_1_143' title='bbox 1287 2039 1385 2126; x_wconf 88' lang='lat' dir='ltr'>passus</span> <span class='ocrx_word' id='word_1_144' title='bbox 1398 2065 1510 2108; x_wconf 88' lang='lat' dir='ltr'>nume-</span> 
     </span>
     <span class='ocr_line' id='line_1_17' title="bbox 477 2129 1510 2211; baseline 0.003 -16"><span class='ocrx_word' id='word_1_145' title='bbox 477 2153 512 2195; x_wconf 94' lang='lat' dir='ltr'>ro</span> <span class='ocrx_word' id='word_1_146' title='bbox 527 2155 554 2196; x_wconf 88' lang='lat' dir='ltr'>c.</span> <span class='ocrx_word' id='word_1_147' title='bbox 572 2129 619 2196; x_wconf 93' lang='lat' dir='ltr'>Ibi</span> <span class='ocrx_word' id='word_1_148' title='bbox 634 2132 676 2195; x_wconf 90' lang='lat' dir='ltr'>est</span> <span class='ocrx_word' id='word_1_149' title='bbox 689 2132 823 2195; x_wconf 83' lang='lat' dir='ltr'>aecclesra</span> <span class='ocrx_word' id='word_1_150' title='bbox 847 2131 949 2196; x_wconf 69' lang='lat' dir='ltr'>sanai</span> <span class='ocrx_word' id='word_1_151' title='bbox 963 2130 1103 2211; x_wconf 90' lang='lat' dir='ltr'>Eusebie,</span> <span class='ocrx_word' id='word_1_152' title='bbox 1123 2132 1188 2194; x_wconf 88' lang='lat' dir='ltr'>hibi</span> <span class='ocrx_word' id='word_1_153' title='bbox 1209 2131 1311 2196; x_wconf 85' lang='lat' dir='ltr'>missus</span> <span class='ocrx_word' id='word_1_154' title='bbox 1325 2133 1383 2196; x_wconf 86' lang='lat' dir='ltr'>sirit</span> <span class='ocrx_word' id='word_1_155' title='bbox 1396 2132 1510 2198; x_wconf 91' lang='lat' dir='ltr'>Hiere-</span> 
     </span>
     <span class='ocr_line' id='line_1_18' title="bbox 475 2218 1509 2306; baseline 0.002 -22"><span class='ocrx_word' id='word_1_156' title='bbox 475 2223 551 2288; x_wconf 87' lang='lat' dir='ltr'>mias</span> <span class='ocrx_word' id='word_1_157' title='bbox 567 2222 717 2306; x_wconf 90' lang='lat' dir='ltr'>propheta</span> <span class='ocrx_word' id='word_1_158' title='bbox 730 2222 761 2283; x_wconf 91' lang='lat' dir='ltr'>in</span> <span class='ocrx_word' id='word_1_159' title='bbox 784 2220 896 2284; x_wconf 87' lang='lat' dir='ltr'>lacum.</span> <span class='ocrx_word' id='word_1_160' title='bbox 917 2218 964 2283; x_wconf 94' lang='lat' dir='ltr'>Ibi</span> <span class='ocrx_word' id='word_1_161' title='bbox 987 2220 1030 2283; x_wconf 88' lang='lat' dir='ltr'>est</span> <span class='ocrx_word' id='word_1_162' title='bbox 1049 2221 1205 2301; x_wconf 83' lang='lat' dir='ltr'>columna,</span> <span class='ocrx_word' id='word_1_163' title='bbox 1219 2243 1280 2304; x_wconf 86' lang='lat' dir='ltr'>que</span> <span class='ocrx_word' id='word_1_164' title='bbox 1293 2221 1351 2285; x_wconf 88' lang='lat' dir='ltr'>suit</span> <span class='ocrx_word' id='word_1_165' title='bbox 1364 2223 1396 2285; x_wconf 88' lang='lat' dir='ltr'>in</span> <span class='ocrx_word' id='word_1_166' title='bbox 1411 2224 1509 2286; x_wconf 90' lang='lat' dir='ltr'>domo</span> 
     </span>
     <span class='ocr_line' id='line_1_19' title="bbox 475 2308 1598 2396; baseline -0.002 -20"><span class='ocrx_word' id='word_1_167' title='bbox 475 2311 605 2396; x_wconf 85' lang='lat' dir='ltr'>Caiphe,</span> <span class='ocrx_word' id='word_1_168' title='bbox 619 2313 656 2375; x_wconf 89' lang='lat' dir='ltr'>ad</span> <span class='ocrx_word' id='word_1_169' title='bbox 672 2331 765 2394; x_wconf 92' lang='lat' dir='ltr'>quam</span> <span class='ocrx_word' id='word_1_170' title='bbox 781 2308 939 2374; x_wconf 92' lang='lat' dir='ltr'>Dominus</span> <span class='ocrx_word' id='word_1_171' title='bbox 954 2308 1092 2373; x_wconf 89' lang='lat' dir='ltr'>Christus</span> <span class='ocrx_word' id='word_1_172' title='bbox 1106 2308 1275 2392; x_wconf 84' lang='lat' dir='ltr'>flagellatus</span> <span class='ocrx_word' id='word_1_173' title='bbox 1289 2309 1343 2374; x_wconf 90' lang='lat' dir='ltr'>est.</span> <span class='ocrx_word' id='word_1_174' title='bbox 1359 2308 1462 2374; x_wconf 90' lang='lat' dir='ltr'>Modo</span> <span class='ocrx_word' id='word_1_175' title='bbox 1476 2313 1508 2374; x_wconf 91' lang='lat' dir='ltr'>in</span> <span class='ocrx_word' id='word_1_176' title='bbox 1523 2326 1598 2390; x_wconf 73' lang='lat' dir='ltr'>s.132</span> 
     </span>
     <span class='ocr_line' id='line_1_20' title="bbox 473 2396 1508 2485; baseline 0 -22"><span class='ocrx_word' id='word_1_177' title='bbox 473 2400 574 2466; x_wconf 74' lang='lat' dir='ltr'>sandla</span> <span class='ocrx_word' id='word_1_178' title='bbox 588 2401 669 2485; x_wconf 90' lang='lat' dir='ltr'>Syon</span> <span class='ocrx_word' id='word_1_179' title='bbox 684 2397 760 2462; x_wconf 88' lang='lat' dir='ltr'>iuffu</span> <span class='ocrx_word' id='word_1_180' title='bbox 776 2397 908 2463; x_wconf 92' lang='lat' dir='ltr'>Domini</span> <span class='ocrx_word' id='word_1_181' title='bbox 924 2397 987 2482; x_wconf 86' lang='lat' dir='ltr'>ipsa</span> <span class='ocrx_word' id='word_1_182' title='bbox 1004 2397 1150 2462; x_wconf 87' lang='lat' dir='ltr'>columna</span> <span class='ocrx_word' id='word_1_183' title='bbox 1169 2397 1270 2461; x_wconf 89' lang='lat' dir='ltr'>secuta</span> <span class='ocrx_word' id='word_1_184' title='bbox 1290 2396 1343 2462; x_wconf 87' lang='lat' dir='ltr'>est.</span> <span class='ocrx_word' id='word_1_185' title='bbox 1365 2397 1407 2463; x_wconf 89' lang='lat' dir='ltr'>Et</span> <span class='ocrx_word' id='word_1_186' title='bbox 1428 2423 1508 2485; x_wconf 92' lang='lat' dir='ltr'>quo-</span> 
     </span>
     <span class='ocr_line' id='line_1_21' title="bbox 419 2485 1510 2573; baseline -0.001 -20"><span class='ocrx_word' id='word_1_187' title='bbox 419 2498 455 2546; x_wconf 81' lang='lat' dir='ltr'>vl</span> <span class='ocrx_word' id='word_1_188' title='bbox 474 2493 568 2554; x_wconf 95' lang='lat' dir='ltr'>modo</span> <span class='ocrx_word' id='word_1_189' title='bbox 583 2511 652 2553; x_wconf 89' lang='lat' dir='ltr'>eam</span> <span class='ocrx_word' id='word_1_190' title='bbox 668 2490 741 2553; x_wconf 94' lang='lat' dir='ltr'>dum</span> <span class='ocrx_word' id='word_1_191' title='bbox 755 2489 948 2573; x_wconf 85' lang='lat' dir='ltr'>flagelaretur</span> <span class='ocrx_word' id='word_1_192' title='bbox 963 2488 1160 2572; x_wconf 75' lang='lat' dir='ltr'>amplexaris,</span> <span class='ocrx_word' id='word_1_193' title='bbox 1173 2485 1250 2552; x_wconf 85' lang='lat' dir='ltr'>sicut</span> <span class='ocrx_word' id='word_1_194' title='bbox 1266 2489 1298 2551; x_wconf 93' lang='lat' dir='ltr'>in</span> <span class='ocrx_word' id='word_1_195' title='bbox 1310 2508 1379 2552; x_wconf 88' lang='lat' dir='ltr'>cera</span> <span class='ocrx_word' id='word_1_196' title='bbox 1390 2485 1430 2552; x_wconf 89' lang='lat' dir='ltr'>sic</span> <span class='ocrx_word' id='word_1_197' title='bbox 1441 2489 1510 2552; x_wconf 88' lang='lat' dir='ltr'>bra-</span> 
     </span>
     <span class='ocr_line' id='line_1_22' title="bbox 473 2561 1716 2664; baseline -0.002 -22"><span class='ocrx_word' id='word_1_198' title='bbox 473 2581 533 2664; x_wconf 87' lang='lat' dir='ltr'>chij</span> <span class='ocrx_word' id='word_1_199' title='bbox 549 2581 624 2659; x_wconf 88' lang='lat' dir='ltr'>cius,</span> <span class='ocrx_word' id='word_1_200' title='bbox 638 2599 745 2643; x_wconf 90' lang='lat' dir='ltr'>manus</span> <span class='ocrx_word' id='word_1_201' title='bbox 759 2577 809 2642; x_wconf 86' lang='lat' dir='ltr'>vel</span> <span class='ocrx_word' id='word_1_202' title='bbox 824 2579 911 2663; x_wconf 87' lang='lat' dir='ltr'>digiti</span> <span class='ocrx_word' id='word_1_203' title='bbox 925 2578 957 2641; x_wconf 93' lang='lat' dir='ltr'>in</span> <span class='ocrx_word' id='word_1_204' title='bbox 972 2599 1043 2640; x_wconf 88' lang='lat' dir='ltr'>eum</span> <span class='ocrx_word' id='word_1_205' title='bbox 1057 2575 1207 2640; x_wconf 80' lang='lat' dir='ltr'>heserrutt.</span> <span class='ocrx_word' id='word_1_206' title='bbox 1715 2561 1716 2652; x_wconf 80' lang='lat' dir='ltr'>l</span> 
     </span>
     <span class='ocr_line' id='line_1_23' title="bbox 437 2661 1716 2751; baseline 0.002 -23"><span class='ocrx_word' id='word_1_207' title='bbox 437 2681 460 2728; x_wconf 89' lang='lat' dir='ltr'>x</span> <span class='ocrx_word' id='word_1_208' title='bbox 514 2669 641 2733; x_wconf 72' lang='lat' dir='ltr'>Sanslus</span> <span class='ocrx_word' id='word_1_209' title='bbox 655 2667 826 2750; x_wconf 89' lang='lat' dir='ltr'>Stephanus</span> <span class='ocrx_word' id='word_1_210' title='bbox 838 2667 912 2730; x_wconf 88' lang='lat' dir='ltr'>soris</span> <span class='ocrx_word' id='word_1_211' title='bbox 921 2681 1024 2751; x_wconf 86' lang='lat' dir='ltr'>portas</span> <span class='ocrx_word' id='word_1_212' title='bbox 1033 2665 1332 2748; x_wconf 82' lang='lat' dir='ltr'>Galileaelapidatus.</span> <span class='ocrx_word' id='word_1_213' title='bbox 1342 2664 1508 2731; x_wconf 84' lang='lat' dir='ltr'>lbiaeccle·</span> <span class='ocrx_word' id='word_1_214' title='bbox 1715 2661 1716 2672; x_wconf 68' lang='grc'>’</span> 
     </span>
     <span class='ocr_line' id='line_1_24' title="bbox 473 2750 1505 2841; baseline -0.001 -19"><span class='ocrx_word' id='word_1_215' title='bbox 473 2758 520 2822; x_wconf 82' lang='lat' dir='ltr'>srae</span> <span class='ocrx_word' id='word_1_216' title='bbox 535 2760 610 2837; x_wconf 90' lang='lat' dir='ltr'>eius,</span> <span class='ocrx_word' id='word_1_217' title='bbox 629 2778 722 2841; x_wconf 88' lang='lat' dir='ltr'>quam</span> <span class='ocrx_word' id='word_1_218' title='bbox 737 2755 894 2818; x_wconf 88' lang='lat' dir='ltr'>fabricavit</span> <span class='ocrx_word' id='word_1_219' title='bbox 915 2750 1083 2833; x_wconf 84' lang='lat' dir='ltr'>Teodosra,</span> <span class='ocrx_word' id='word_1_220' title='bbox 1097 2775 1175 2817; x_wconf 89' lang='lat' dir='ltr'>uxor</span> <span class='ocrx_word' id='word_1_221' title='bbox 1187 2754 1356 2840; x_wconf 84' lang='lat' dir='ltr'>Theodosrj</span> <span class='ocrx_word' id='word_1_222' title='bbox 1373 2757 1505 2840; x_wconf 86' lang='lat' dir='ltr'>impera·</span> 
     </span>
     <span class='ocr_line' id='line_1_25' title="bbox 411 2840 1716 2930; baseline 0.002 -19"><span class='ocrx_word' id='word_1_223' title='bbox 411 2857 460 2906; x_wconf 83' lang='lat' dir='ltr'>vn</span> <span class='ocrx_word' id='word_1_224' title='bbox 474 2849 559 2911; x_wconf 90' lang='lat' dir='ltr'>toris.</span> <span class='ocrx_word' id='word_1_225' title='bbox 571 2846 688 2911; x_wconf 85' lang='lat' dir='ltr'>Piscina</span> <span class='ocrx_word' id='word_1_226' title='bbox 698 2845 798 2930; x_wconf 90' lang='lat' dir='ltr'>Syloe,</span> <span class='ocrx_word' id='word_1_227' title='bbox 810 2866 827 2907; x_wconf 89' lang='lat' dir='ltr'>a</span> <span class='ocrx_word' id='word_1_228' title='bbox 837 2844 908 2906; x_wconf 88' lang='lat' dir='ltr'>loco</span> <span class='ocrx_word' id='word_1_229' title='bbox 918 2844 992 2906; x_wconf 91' lang='lat' dir='ltr'>hubi</span> <span class='ocrx_word' id='word_1_230' title='bbox 1003 2840 1105 2907; x_wconf 88' lang='lat' dir='ltr'>missus</span> <span class='ocrx_word' id='word_1_231' title='bbox 1117 2842 1160 2906; x_wconf 89' lang='lat' dir='ltr'>est</span> <span class='ocrx_word' id='word_1_232' title='bbox 1170 2842 1342 2908; x_wconf 82' lang='lat' dir='ltr'>Hieremias</span> <span class='ocrx_word' id='word_1_233' title='bbox 1354 2847 1505 2928; x_wconf 84' lang='lat' dir='ltr'>propheta</span> <span class='ocrx_word' id='word_1_234' title='bbox 1515 2853 1533 2902; x_wconf 77' lang='lat' dir='ltr'>s·</span> <span class='ocrx_word' id='word_1_235' title='bbox 1544 2869 1591 2918; x_wconf 74' lang='grc' dir='ltr'>ψ</span> <span class='ocrx_word' id='word_1_236' title='bbox 1601 2857 1624 2902; x_wconf 65' lang='lat' dir='ltr'>b</span> <span class='ocrx_word' id='word_1_237' title='bbox 1715 2901 1716 2912; x_wconf 50' lang='lat'>2</span> 
     </span>
     <span class='ocr_line' id='line_1_26' title="bbox 473 2929 1408 3017; baseline -0.003 -18"><span class='ocrx_word' id='word_1_238' title='bbox 473 2937 505 2999; x_wconf 92' lang='lat' dir='ltr'>in</span> <span class='ocrx_word' id='word_1_239' title='bbox 520 2935 632 3015; x_wconf 91' lang='lat' dir='ltr'>lacum,</span> <span class='ocrx_word' id='word_1_240' title='bbox 646 2934 738 2997; x_wconf 91' lang='lat' dir='ltr'>habet</span> <span class='ocrx_word' id='word_1_241' title='bbox 752 2929 851 3017; x_wconf 90' lang='lat' dir='ltr'>pall&#39;us</span> <span class='ocrx_word' id='word_1_242' title='bbox 864 2953 995 2996; x_wconf 87' lang='lat' dir='ltr'>numero</span> <span class='ocrx_word' id='word_1_243' title='bbox 1010 2955 1038 3010; x_wconf 89' lang='lat' dir='ltr'>c,</span> <span class='ocrx_word' id='word_1_244' title='bbox 1052 2954 1112 3016; x_wconf 88' lang='lat' dir='ltr'>que</span> <span class='ocrx_word' id='word_1_245' title='bbox 1127 2935 1207 2996; x_wconf 88' lang='lat' dir='ltr'>intra</span> <span class='ocrx_word' id='word_1_246' title='bbox 1220 2953 1342 2996; x_wconf 84' lang='lat' dir='ltr'>murum</span> <span class='ocrx_word' id='word_1_247' title='bbox 1356 2933 1408 2996; x_wconf 84' lang='lat' dir='ltr'>est.</span> 
     </span>
     <span class='ocr_line' id='line_1_27' title="bbox 424 3019 1505 3105; baseline 0 -18"><span class='ocrx_word' id='word_1_248' title='bbox 424 3039 459 3087; x_wconf 82' lang='lat' dir='ltr'>tx</span> <span class='ocrx_word' id='word_1_249' title='bbox 516 3024 568 3090; x_wconf 91' lang='lat' dir='ltr'>De</span> <span class='ocrx_word' id='word_1_250' title='bbox 583 3028 678 3087; x_wconf 94' lang='lat' dir='ltr'>domo</span> <span class='ocrx_word' id='word_1_251' title='bbox 695 3021 782 3086; x_wconf 89' lang='lat' dir='ltr'>Pilati</span> <span class='ocrx_word' id='word_1_252' title='bbox 799 3019 892 3104; x_wconf 90' lang='lat' dir='ltr'>usque</span> <span class='ocrx_word' id='word_1_253' title='bbox 906 3023 943 3085; x_wconf 84' lang='lat' dir='ltr'>ad</span> <span class='ocrx_word' id='word_1_254' title='bbox 956 3019 1105 3084; x_wconf 83' lang='lat' dir='ltr'>Piscinam</span> <span class='ocrx_word' id='word_1_255' title='bbox 1117 3020 1268 3085; x_wconf 88' lang='lat' dir='ltr'>Probatici</span> <span class='ocrx_word' id='word_1_256' title='bbox 1283 3020 1382 3105; x_wconf 87' lang='lat' dir='ltr'>passus</span> <span class='ocrx_word' id='word_1_257' title='bbox 1396 3045 1505 3087; x_wconf 59' lang='lat' dir='ltr'>numo</span> 
     </span>
     <span class='ocr_line' id='line_1_28' title="bbox 473 3108 1505 3195; baseline -0.004 -16"><span class='ocrx_word' id='word_1_258' title='bbox 473 3139 508 3179; x_wconf 90' lang='lat' dir='ltr'>ro</span> <span class='ocrx_word' id='word_1_259' title='bbox 520 3138 548 3195; x_wconf 89' lang='lat' dir='ltr'>c,</span> <span class='ocrx_word' id='word_1_260' title='bbox 560 3115 634 3177; x_wconf 93' lang='lat' dir='ltr'>hubi</span> <span class='ocrx_word' id='word_1_261' title='bbox 646 3111 804 3177; x_wconf 91' lang='lat' dir='ltr'>Dominus</span> <span class='ocrx_word' id='word_1_262' title='bbox 815 3108 918 3176; x_wconf 92' lang='lat' dir='ltr'>lhesus</span> <span class='ocrx_word' id='word_1_263' title='bbox 934 3112 1051 3177; x_wconf 88' lang='lat' dir='ltr'>Cristus</span> <span class='ocrx_word' id='word_1_264' title='bbox 1068 3112 1259 3195; x_wconf 81' lang='lat' dir='ltr'>paraliticum</span> <span class='ocrx_word' id='word_1_265' title='bbox 1275 3114 1403 3192; x_wconf 85' lang='lat' dir='ltr'>curavit,</span> <span class='ocrx_word' id='word_1_266' title='bbox 1418 3112 1505 3175; x_wconf 88' lang='lat' dir='ltr'>cuius</span> 
     </span>
     <span class='ocr_line' id='line_1_29' title="bbox 473 3198 1507 3268; baseline -0.006 0"><span class='ocrx_word' id='word_1_267' title='bbox 473 3204 570 3268; x_wconf 68' lang='lat' dir='ltr'>lesbus</span> <span class='ocrx_word' id='word_1_268' title='bbox 585 3203 684 3266; x_wconf 89' lang='lat' dir='ltr'>adhuc</span> <span class='ocrx_word' id='word_1_269' title='bbox 699 3202 740 3265; x_wconf 93' lang='lat' dir='ltr'>ibi</span> <span class='ocrx_word' id='word_1_270' title='bbox 756 3200 805 3263; x_wconf 88' lang='lat' dir='ltr'>est.</span> <span class='ocrx_word' id='word_1_271' title='bbox 819 3198 910 3263; x_wconf 85' lang='lat' dir='ltr'>quta</span> <span class='ocrx_word' id='word_1_272' title='bbox 923 3198 1071 3264; x_wconf 88' lang='lat' dir='ltr'>Piscinam</span> <span class='ocrx_word' id='word_1_273' title='bbox 1089 3200 1284 3265; x_wconf 88' lang='lat' dir='ltr'>Probaticam</span> <span class='ocrx_word' id='word_1_274' title='bbox 1298 3203 1381 3265; x_wconf 88' lang='lat' dir='ltr'>idem</span> <span class='ocrx_word' id='word_1_275' title='bbox 1398 3200 1507 3264; x_wconf 85' lang='lat' dir='ltr'>aeccle-</span> 
     </span>
     <span class='ocr_line' id='line_1_30' title="bbox 473 3286 1526 3375; baseline -0.004 -19"><span class='ocrx_word' id='word_1_276' title='bbox 473 3289 513 3356; x_wconf 88' lang='lat' dir='ltr'>sra</span> <span class='ocrx_word' id='word_1_277' title='bbox 532 3293 641 3357; x_wconf 74' lang='lat' dir='ltr'>Sandis</span> <span class='ocrx_word' id='word_1_278' title='bbox 656 3291 771 3356; x_wconf 87' lang='lat' dir='ltr'>Marie.</span> <span class='ocrx_word' id='word_1_279' title='bbox 792 3289 920 3354; x_wconf 74' lang='lat' dir='ltr'>Sandius</span> <span class='ocrx_word' id='word_1_280' title='bbox 941 3286 1044 3370; x_wconf 85' lang='lat' dir='ltr'>Iacob,</span> <span class='ocrx_word' id='word_1_281' title='bbox 1059 3311 1151 3375; x_wconf 91' lang='lat' dir='ltr'>quem</span> <span class='ocrx_word' id='word_1_282' title='bbox 1167 3290 1325 3354; x_wconf 87' lang='lat' dir='ltr'>Dominus</span> <span class='ocrx_word' id='word_1_283' title='bbox 1343 3312 1437 3354; x_wconf 90' lang='lat' dir='ltr'>manu</span> <span class='ocrx_word' id='word_1_284' title='bbox 1458 3289 1526 3352; x_wconf 86' lang='lat' dir='ltr'>sua.</span> 
     </span>
     <span class='ocr_line' id='line_1_31' title="bbox 477 3375 1508 3466; baseline -0.005 -21"><span class='ocrx_word' id='word_1_285' title='bbox 477 3381 656 3466; x_wconf 89' lang='lat' dir='ltr'>episcopum</span> <span class='ocrx_word' id='word_1_286' title='bbox 671 3379 834 3458; x_wconf 88' lang='lat' dir='ltr'>ordinavit,</span> <span class='ocrx_word' id='word_1_287' title='bbox 848 3381 900 3462; x_wconf 92' lang='lat' dir='ltr'>qui</span> <span class='ocrx_word' id='word_1_288' title='bbox 916 3378 982 3462; x_wconf 89' lang='lat' dir='ltr'>post</span> <span class='ocrx_word' id='word_1_289' title='bbox 998 3375 1202 3442; x_wconf 80' lang='lat' dir='ltr'>ascensionem</span> <span class='ocrx_word' id='word_1_290' title='bbox 1214 3378 1346 3443; x_wconf 91' lang='lat' dir='ltr'>Domini</span> <span class='ocrx_word' id='word_1_291' title='bbox 1361 3380 1400 3443; x_wconf 88' lang='lat' dir='ltr'>de</span> <span class='ocrx_word' id='word_1_292' title='bbox 1414 3379 1508 3462; x_wconf 87' lang='lat' dir='ltr'>pinna</span> 
     </span>
     <span class='ocr_line' id='line_1_32' title="bbox 474 3466 1508 3555; baseline -0.004 -21"><span class='ocrx_word' id='word_1_293' title='bbox 474 3468 603 3555; x_wconf 88' lang='lat' dir='ltr'>Templi</span> <span class='ocrx_word' id='word_1_294' title='bbox 614 3469 770 3554; x_wconf 71' lang='lat' dir='ltr'>proiedlus</span> <span class='ocrx_word' id='word_1_295' title='bbox 780 3466 1012 3548; x_wconf 79' lang='lat' dir='ltr'>cst,&amp;nichilei</span> <span class='ocrx_word' id='word_1_296' title='bbox 1020 3467 1192 3547; x_wconf 52' lang='lat' dir='ltr'>nocuissed</span> <span class='ocrx_word' id='word_1_297' title='bbox 1199 3467 1275 3531; x_wconf 89' lang='lat' dir='ltr'>fullo</span> <span class='ocrx_word' id='word_1_298' title='bbox 1285 3489 1357 3531; x_wconf 88' lang='lat' dir='ltr'>cum</span> <span class='ocrx_word' id='word_1_299' title='bbox 1365 3467 1508 3546; x_wconf 66' lang='lat' dir='ltr'>devede,</span> 
     </span>
     <span class='ocr_line' id='line_1_33' title="bbox 477 3554 1505 3644; baseline -0.006 -20"><span class='ocrx_word' id='word_1_300' title='bbox 477 3562 509 3624; x_wconf 91' lang='lat' dir='ltr'>in</span> <span class='ocrx_word' id='word_1_301' title='bbox 525 3582 588 3644; x_wconf 93' lang='lat' dir='ltr'>quo</span> <span class='ocrx_word' id='word_1_302' title='bbox 601 3580 649 3622; x_wconf 90' lang='lat' dir='ltr'>res</span> <span class='ocrx_word' id='word_1_303' title='bbox 663 3573 784 3643; x_wconf 88' lang='lat' dir='ltr'>portare</span> <span class='ocrx_word' id='word_1_304' title='bbox 798 3557 1004 3636; x_wconf 86' lang='lat' dir='ltr'>consueverat,</span> <span class='ocrx_word' id='word_1_305' title='bbox 1019 3557 1133 3621; x_wconf 91' lang='lat' dir='ltr'>occidit</span> <span class='ocrx_word' id='word_1_306' title='bbox 1146 3556 1273 3636; x_wconf 73' lang='lat' dir='ltr'>eum&amp;</span> <span class='ocrx_word' id='word_1_307' title='bbox 1290 3554 1404 3640; x_wconf 83' lang='lat' dir='ltr'>posrme</span> <span class='ocrx_word' id='word_1_308' title='bbox 1417 3557 1461 3621; x_wconf 88' lang='lat' dir='ltr'>est</span> <span class='ocrx_word' id='word_1_309' title='bbox 1474 3557 1505 3619; x_wconf 87' lang='lat' dir='ltr'>in</span> 
     </span>
     <span class='ocr_line' id='line_1_34' title="bbox 473 3647 727 3714; baseline -0.012 -2"><span class='ocrx_word' id='word_1_310' title='bbox 473 3665 580 3712; x_wconf 90' lang='lat' dir='ltr'>monte</span> <span class='ocrx_word' id='word_1_311' title='bbox 596 3647 727 3714; x_wconf 89' lang='lat' dir='ltr'>Oliveti.</span> 
     </span>
     <span class='ocr_line' id='line_1_35' title="bbox 411 3733 1603 3818; baseline -0.005 -20"><span class='ocrx_word' id='word_1_312' title='bbox 411 3741 459 3791; x_wconf 85' lang='grc' dir='ltr'>ΧΠ</span> <span class='ocrx_word' id='word_1_313' title='bbox 513 3733 580 3818; x_wconf 90' lang='lat' dir='ltr'>Ipse</span> <span class='ocrx_word' id='word_1_314' title='bbox 595 3735 626 3800; x_wconf 78' lang='grc' dir='ltr'>δι</span> <span class='ocrx_word' id='word_1_315' title='bbox 641 3735 759 3800; x_wconf 65' lang='lat' dir='ltr'>sanetus</span> <span class='ocrx_word' id='word_1_316' title='bbox 771 3735 940 3799; x_wconf 87' lang='lat' dir='ltr'>Zacharias</span> <span class='ocrx_word' id='word_1_317' title='bbox 953 3734 984 3798; x_wconf 74' lang='grc' dir='ltr'>δι</span> <span class='ocrx_word' id='word_1_318' title='bbox 995 3733 1112 3809; x_wconf 66' lang='lat' dir='ltr'>sandius</span> <span class='ocrx_word' id='word_1_319' title='bbox 1123 3733 1257 3817; x_wconf 89' lang='lat' dir='ltr'>Symeon</span> <span class='ocrx_word' id='word_1_320' title='bbox 1268 3735 1300 3797; x_wconf 93' lang='lat' dir='ltr'>in</span> <span class='ocrx_word' id='word_1_321' title='bbox 1311 3754 1372 3797; x_wconf 87' lang='lat' dir='ltr'>una</span> <span class='ocrx_word' id='word_1_322' title='bbox 1386 3757 1506 3799; x_wconf 89' lang='lat' dir='ltr'>memo-</span> <span class='ocrx_word' id='word_1_323' title='bbox 1516 3743 1534 3793; x_wconf 84' lang='lat' dir='ltr'>t</span> <span class='ocrx_word' id='word_1_324' title='bbox 1546 3758 1603 3807; x_wconf 78' lang='lat'>¹33·</span> 
     </span>
     <span class='ocr_line' id='line_1_36' title="bbox 472 3820 1507 3909; baseline 0 -22"><span class='ocrx_word' id='word_1_325' title='bbox 472 3826 517 3888; x_wconf 90' lang='lat' dir='ltr'>ria</span> <span class='ocrx_word' id='word_1_326' title='bbox 531 3823 620 3908; x_wconf 84' lang='lat' dir='ltr'>positi</span> <span class='ocrx_word' id='word_1_327' title='bbox 635 3823 713 3905; x_wconf 78' lang='lat' dir='ltr'>sunt,</span> <span class='ocrx_word' id='word_1_328' title='bbox 722 3845 815 3909; x_wconf 89' lang='lat' dir='ltr'>quam</span> <span class='ocrx_word' id='word_1_329' title='bbox 827 3825 979 3886; x_wconf 90' lang='lat' dir='ltr'>memoria</span> <span class='ocrx_word' id='word_1_330' title='bbox 992 3823 1052 3906; x_wconf 92' lang='lat' dir='ltr'>ipse</span> <span class='ocrx_word' id='word_1_331' title='bbox 1067 3823 1184 3888; x_wconf 67' lang='lat' dir='ltr'>sanstus</span> <span class='ocrx_word' id='word_1_332' title='bbox 1196 3820 1328 3887; x_wconf 87' lang='lat' dir='ltr'>lacobus</span> <span class='ocrx_word' id='word_1_333' title='bbox 1338 3823 1507 3904; x_wconf 78' lang='lat' dir='ltr'>fabricavit,</span> 
     </span>
     <span class='ocr_line' id='line_1_37' title="bbox 471 3911 1716 4070; baseline 0.001 -94"><span class='ocrx_word' id='word_1_334' title='bbox 471 3933 607 3996; x_wconf 89' lang='lat' dir='ltr'>corpora</span> <span class='ocrx_word' id='word_1_335' title='bbox 620 3913 746 3977; x_wconf 89' lang='lat' dir='ltr'>illomm</span> <span class='ocrx_word' id='word_1_336' title='bbox 761 3911 823 3996; x_wconf 89' lang='lat' dir='ltr'>ipse</span> <span class='ocrx_word' id='word_1_337' title='bbox 844 3913 918 3975; x_wconf 93' lang='lat' dir='ltr'>hubi</span> <span class='ocrx_word' id='word_1_338' title='bbox 933 3911 1157 3977; x_wconf 83' lang='lat' dir='ltr'>recondedit&amp;</span> <span class='ocrx_word' id='word_1_339' title='bbox 1180 3911 1209 3976; x_wconf 88' lang='lat' dir='ltr'>se</span> <span class='ocrx_word' id='word_1_340' title='bbox 1223 3913 1275 3975; x_wconf 91' lang='lat' dir='ltr'>ubi</span> <span class='ocrx_word' id='word_1_341' title='bbox 1290 3915 1421 3977; x_wconf 86' lang='lat' dir='ltr'>cumeis</span> <span class='ocrx_word' id='word_1_342' title='bbox 1435 3935 1506 3997; x_wconf 84' lang='lat' dir='ltr'>prc-</span> <span class='ocrx_word' id='word_1_343' title='bbox 1715 3993 1716 4070; x_wconf 34' lang='lat' dir='ltr'>p</span> 
     </span>
     <span class='ocr_line' id='line_1_38' title="bbox 471 4003 1716 4096; baseline 0.002 -32"><span class='ocrx_word' id='word_1_344' title='bbox 471 4003 554 4086; x_wconf 89' lang='lat' dir='ltr'>cepti</span> <span class='ocrx_word' id='word_1_345' title='bbox 591 4005 654 4066; x_wconf 91' lang='lat' dir='ltr'>oni.</span> <span class='ocrx_word' id='word_1_346' title='bbox 1715 4071 1716 4096; x_wconf 24' lang='lat'>¹</span> 
     </span>
     <span class='ocr_line' id='line_1_39' title="bbox 421 4026 1505 4175; baseline 0.003 -23"><span class='ocrx_word' id='word_1_347' title='bbox 421 4099 458 4146; x_wconf 77' lang='lat' dir='ltr'>xl</span> <span class='ocrx_word' id='word_1_348' title='bbox 511 4088 558 4153; x_wconf 93' lang='lat' dir='ltr'>Ibi</span> <span class='ocrx_word' id='word_1_349' title='bbox 568 4026 617 4154; x_wconf 52' lang='grc' dir='ltr'>ζῆ</span> <span class='ocrx_word' id='word_1_350' title='bbox 631 4090 719 4156; x_wconf 85' lang='lat' dir='ltr'>vallis</span> <span class='ocrx_word' id='word_1_351' title='bbox 734 4089 885 4175; x_wconf 87' lang='lat' dir='ltr'>Iosaphat,</span> <span class='ocrx_word' id='word_1_352' title='bbox 899 4091 951 4153; x_wconf 93' lang='lat' dir='ltr'>ubi</span> <span class='ocrx_word' id='word_1_353' title='bbox 963 4089 1138 4155; x_wconf 85' lang='lat' dir='ltr'>Dominum</span> <span class='ocrx_word' id='word_1_354' title='bbox 1149 4087 1241 4154; x_wconf 87' lang='lat' dir='ltr'>ludas</span> <span class='ocrx_word' id='word_1_355' title='bbox 1255 4089 1388 4155; x_wconf 83' lang='lat' dir='ltr'>tradidit.</span> <span class='ocrx_word' id='word_1_356' title='bbox 1403 4089 1451 4155; x_wconf 93' lang='lat' dir='ltr'>Ibi</span> <span class='ocrx_word' id='word_1_357' title='bbox 1461 4092 1505 4155; x_wconf 90' lang='lat' dir='ltr'>est</span> 
     </span>
     <span class='ocr_line' id='line_1_40' title="bbox 469 4177 1505 4245; baseline 0.002 -3"><span class='ocrx_word' id='word_1_358' title='bbox 469 4179 611 4243; x_wconf 85' lang='lat' dir='ltr'>aecclesrae</span> <span class='ocrx_word' id='word_1_359' title='bbox 632 4181 741 4244; x_wconf 79' lang='lat' dir='ltr'>Sandle</span> <span class='ocrx_word' id='word_1_360' title='bbox 756 4179 857 4244; x_wconf 91' lang='lat' dir='ltr'>Marie</span> <span class='ocrx_word' id='word_1_361' title='bbox 881 4180 984 4244; x_wconf 88' lang='lat' dir='ltr'>matris</span> <span class='ocrx_word' id='word_1_362' title='bbox 1009 4177 1151 4242; x_wconf 86' lang='lat' dir='ltr'>Domini.</span> <span class='ocrx_word' id='word_1_363' title='bbox 1178 4179 1241 4242; x_wconf 92' lang='lat' dir='ltr'>Ubi</span> <span class='ocrx_word' id='word_1_364' title='bbox 1259 4178 1417 4245; x_wconf 82' lang='lat' dir='ltr'>Dominus</span> <span class='ocrx_word' id='word_1_365' title='bbox 1431 4179 1505 4244; x_wconf 83' lang='lat' dir='ltr'>lavit</span> 
     </span>
     <span class='ocr_line' id='line_1_41' title="bbox 470 4265 1504 4351; baseline 0 -19"><span class='ocrx_word' id='word_1_366' title='bbox 470 4269 563 4350; x_wconf 91' lang='lat' dir='ltr'>pedes</span> <span class='ocrx_word' id='word_1_367' title='bbox 578 4267 806 4351; x_wconf 75' lang='lat' dir='ltr'>discipulorum,</span> <span class='ocrx_word' id='word_1_368' title='bbox 822 4268 863 4331; x_wconf 92' lang='lat' dir='ltr'>ibi</span> <span class='ocrx_word' id='word_1_369' title='bbox 880 4266 910 4330; x_wconf 81' lang='grc' dir='ltr'>δι</span> <span class='ocrx_word' id='word_1_370' title='bbox 926 4269 1055 4331; x_wconf 85' lang='lat' dir='ltr'>cenavit.</span> <span class='ocrx_word' id='word_1_371' title='bbox 1077 4265 1125 4331; x_wconf 93' lang='lat' dir='ltr'>lbi</span> <span class='ocrx_word' id='word_1_372' title='bbox 1147 4269 1214 4332; x_wconf 90' lang='lat' dir='ltr'>sunt</span> <span class='ocrx_word' id='word_1_373' title='bbox 1235 4269 1327 4335; x_wconf 88' lang='lat' dir='ltr'>trium</span> <span class='ocrx_word' id='word_1_374' title='bbox 1351 4271 1504 4348; x_wconf 74' lang='lat' dir='ltr'>occubitu,</span> 
     </span>
     <span class='ocr_line' id='line_1_42' title="bbox 469 4355 1628 4443; baseline 0.003 -24"><span class='ocrx_word' id='word_1_375' title='bbox 469 4357 520 4419; x_wconf 92' lang='lat' dir='ltr'>ubi</span> <span class='ocrx_word' id='word_1_376' title='bbox 535 4355 693 4420; x_wconf 90' lang='lat' dir='ltr'>Dominus</span> <span class='ocrx_word' id='word_1_377' title='bbox 707 4377 779 4418; x_wconf 88' lang='lat' dir='ltr'>cum</span> <span class='ocrx_word' id='word_1_378' title='bbox 791 4355 945 4440; x_wconf 89' lang='lat' dir='ltr'>discipulis</span> <span class='ocrx_word' id='word_1_379' title='bbox 961 4355 1023 4441; x_wconf 92' lang='lat' dir='ltr'>ipse</span> <span class='ocrx_word' id='word_1_380' title='bbox 1037 4357 1157 4422; x_wconf 90' lang='lat' dir='ltr'>medius</span> <span class='ocrx_word' id='word_1_381' title='bbox 1172 4359 1326 4440; x_wconf 85' lang='lat' dir='ltr'>accubuit,</span> <span class='ocrx_word' id='word_1_382' title='bbox 1339 4377 1402 4443; x_wconf 84' lang='lat' dir='ltr'>qua</span> <span class='ocrx_word' id='word_1_383' title='bbox 1412 4365 1529 4423; x_wconf 82' lang='lat' dir='ltr'>acen-f·</span> <span class='ocrx_word' id='word_1_384' title='bbox 1545 4369 1628 4432; x_wconf 67' lang='lat'><strong>123⁵·</strong></span> 
     </span>
    </p>
   </div>
   <div class='ocr_carea' id='block_1_3' title="bbox 0 0 1734 5700">
    <p class='ocr_par' dir='ltr' id='par_1_3' title="bbox 0 0 1734 5700">
     <span class='ocr_line' id='line_1_43' title="bbox 0 0 1734 5700; baseline 0 0"><span class='ocrx_word' id='word_1_385' title='bbox 0 0 1734 5700; x_wconf 95' lang='lat' dir='ltr'> </span> 
     </span>
    </p>
   </div>
  </div>
 </body>
</html>
