3390 5720
534 523 600 598 118
840 541 1258 598 nuroumusttnnnrn

521 791 579 862 per
595 764 741 838 civitates
755 768 910 860 lariffarn,
926 770 1111 861 asrerhusarn
1125 769 1388 861 &Epiphaniam
1405 764 1555 860 venimus

520 873 554 943 in
572 872 736 944 civitatem
754 873 1043 969 splendidilsrmam
1056 879 1237 966 ospamiam,
1253 874 1287 942 in
1305 897 1371 968 qua
1388 873 1433 944 est
1450 871 1557 942 omnis

523 978 678 1052 nobilitas
695 980 860 1072 Syrorum.

460 1291 464 1299 ,
526 1219 647 1293 XLVII.
683 1225 868 1307 osurioehia,
904 1222 1043 1308 Chalcis,
1076 1222 1209 1307 Cartha,
1238 1218 1443 1310 Barbariffirs,
1467 1222 1557 1308 Sura,

830 1333 1010 1422 Euphrates,
1030 1327 1245 1421 Tetrapyrgia.

573 1515 651 1586 Inde
674 1538 826 1587 exeuntes
846 1514 995 1587 venimus
1015 1517 1216 1584 athriachtam
1238 1514 1411 1604 maiorem,
1434 1515 1468 1584 in
1495 1539 1559 1608 qua

525 1622 696 1717 requiescit
712 1623 838 1692 sandius
856 1618 990 1712 Babylas
1012 1623 1047 1690 δ(
1072 1641 1135 1690 tres
1152 1620 1290 1714 parvuli,
1315 1619 1427 1690 sanila
1446 1619 1561 1692 Iustina

525 1730 560 1798 ὅ(
577 1728 704 1799 sanetus
721 1728 860 1798 Iulianus
881 1729 916 1796 &
938 1725 1049 1796 fratres
1067 1723 1249 1814 Machabei,
1272 1724 1338 1796 hoc
1357 1725 1412 1816 est,
1435 1727 1562 1823 septem

526 1833 684 1930 sepulcra,
701 1836 735 1903 ἅ
752 1835 847 1930 super
870 1833 1025 1928 cuiusque
1045 1832 1230 1929 sepulcrum
1253 1833 1371 1928 scripte
1391 1834 1467 1906 sunt
1490 1833 1563 1931 pas·

526 1939 631 2011 fiones
659 1965 785 2012 eorum.
817 1940 852 2010 Et
878 1940 956 2011 inde
981 1936 1209 2010 descendimus
1226 1939 1506 2036 Mesopotamiam
1528 1943 1563 2012 in

524 2048 689 2119 civitatem
704 2051 894 2118 Chalcidem.
910 2045 1041 2118 Deinde
1054 2047 1203 2119 venimus
1217 2049 1377 2136 Currhnm,
1392 2045 1449 2119 ubi
1465 2073 1562 2119 natus

526 2155 570 2224 est
586 2153 765 2246 Abraham,
785 2158 820 2225 &
840 2151 1074 2225 descendentes
1097 2155 1246 2225 venimus
1267 2157 1484 2248 hiarhariffunr,
1506 2155 1562 2228 ubi

522 2260 692 2355 requiescit
721 2259 844 2331 sanetus
873 2258 1027 2349 Bacchus,
1058 2259 1154 2331 stater
1184 2260 1286 2330 sandi
1313 2262 1452 2358 Sergii!
1481 2261 1562 2335 Inde

524 2368 672 2438 venimus
685 2367 719 2437 in
733 2365 899 2437 civitatem
913 2370 937 2437 S
937 2395 1033 2454 uram,
1048 2392 1106 2462 per
1122 2392 1224 2461 quam
1236 2367 1401 2440 civitatem
1413 2367 1561 2440 mediam

524 2472 693 2545 descendit
707 2470 824 2543 fluvius
840 2479 1018 2566 Euphrates,
1035 2474 1090 2568 qui
1104 2471 1228 2545 ibidem
1242 2495 1299 2570 per
1315 2499 1456 2571 pontem
1474 2499 1562 2548 tran·

523 2578 606 2651 fitur.
625 2585 659 2650 In
674 2579 743 2676 ipsa
760 2581 891 2652 civitate
907 2579 984 2676 passt
1003 2580 1077 2651 sunt
1096 2581 1224 2653 sanstus
1238 2581 1366 2678 Sergius
1383 2584 1418 2653 δι
1430 2582 1561 2655 sanstus

523 2685 680 2777 Bacchus,
707 2689 742 2758 δι
767 2685 811 2759 ad
836 2684 1017 2758 duodecim
1042 2689 1143 2759 millia
1168 2689 1255 2760 intus
1278 2689 1312 2758 In
1341 2714 1454 2760 eremo
1476 2690 1562 2762 inter

522 2794 716 2865 Sarracenos
743 2795 913 2891 requiescit
938 2793 1066 2866 sandius
1090 2795 1218 2893 Sergius
1243 2797 1276 2868 in
1299 2795 1428 2868 civitate
1451 2797 1561 2866 Terra-

453 2867 456 2874 *
519 2898 672 2996 ργνςία.ὁ

793 3141 925 3214 XLVIII.
946 3145 1080 3237 Raditur
1097 3148 1129 3213 in
1141 3147 1286 3236 patriam.

570 3327 679 3399 Tanta
694 3326 842 3399 videntes
868 3326 945 3398 loca
965 3317 1127 3399 mira'culis
1149 3329 1248 3424 plena
1269 3353 1327 3424 per
1343 3328 1464 3399 multas
1482 3329 1560 3401 civi·

522 3457 603 3507 tates
623 3437 659 3504 &
681 3434 808 3505 castella
828 3437 864 3506 &
887 3434 978 3505 vicos
999 3434 1141 3506 &villas
1158 3438 1193 3505 δε
1214 3435 1348 3531 plateas,
1371 3435 1502 3532 fatigati
1519 3463 1559 3508 ex

521 3565 591 3612 tam
615 3539 720 3638 longo
745 3541 859 3612 itinere
889 3541 1036 3637 cepimus
1060 3541 1185 3613 reverti.
1210 3542 1427 3612 Transeuntes
1459 3569 1551 3614 mare

523 3648 671 3720 venimus
688 3648 721 3719 in
740 3647 876 3738 Italiam,
893 3648 1064 3744 propriam
1080 3648 1263 3746 regionem,
1288 3645 1465 3720 adiuvante
1483 3650 1559 3722 Do·

522 3755 615 3824 mino
632 3755 743 3826 nostro
762 3754 826 3824 Iesu
845 3753 988 3825 Christo.
1013 3755 1162 3826 Ovantes
1181 3757 1330 3827 venimus
1348 3753 1556 3844 Placentiam,

518 3863 687 3931 civitatem
719 3859 863 3931 nostram
896 3858 1035 3956 positam
1063 3861 1158 3958 super
1180 3859 1328 3950 fluvium,
1356 3862 1413 3957 qui
1438 3861 1557 3934 dicitur

521 3965 634 4039 Padus.

555 4152 578 4186 ι.
593 4137 633 4202 G,
648 4133 683 4188 al.
699 4134 814 4206 Georgij.
830 4165 861 4176 -
874 4137 899 4188 b.
915 4137 955 4202 G,
967 4134 1003 4189 al.
1016 4135 1100 4207 Tyra,
1112 4136 1187 4189 Tito.
