3296 5700
504 532 575 608 294
699 612 701 618 Ι
911 529 1127 583 Auouuuos

500 751 541 818 ad
552 750 756 818 ventilandam
773 753 853 834 olrij
867 749 897 817 Ee
911 752 1074 843 cithanafii
1088 751 1297 819 allexandrini
1307 750 1443 842 presulis
1463 775 1531 818 con·

499 863 668 950 traverfiatn
686 879 820 926 centum
836 851 953 924 decem
970 856 1004 925 δι
1023 857 1100 925 ocio
1118 856 1295 951 episcopos
1314 855 1460 951 collegit,
1476 853 1532 922 ibi·

501 986 565 1056 que
582 961 626 1032 est
643 959 786 1048 ecclefia,
815 963 849 1032 in
867 985 933 1055 qua
951 960 993 1032 ad
1012 959 1177 1053 synodum
1194 959 1422 1048 consederunt,
1448 965 1533 1030 techa

500 1093 612 1140 carens
628 1068 723 1138 instar
740 1067 833 1155 illius,
862 1095 926 1164 que
943 1065 998 1138 stta
1016 1069 1110 1138 estin
1132 1093 1247 1140 monte
1264 1067 1397 1140 Oliveti.
1422 1067 1532 1138 Conl-

500 1173 735 1269 tantinopolim
752 1171 921 1272 regrellus,
942 1175 1090 1246 remenso
1110 1175 1206 1246 matis
1225 1170 1367 1260 transitu,
1386 1199 1446 1270 pet
1460 1171 1534 1245 Stoi-

548 1493 620 1564 XV.
640 1493 797 1582 Demum‚
815 1521 955 1564 autumno
966 1498 1003 1588 se
1021 1501 1051 1564 in
1068 1479 1194 1563 hiemern
1207 1499 1413 1578 contrahente,
1434 1490 1538 1588 depo

394 1643 398 1650 .
500 1601 559 1670 suit
578 1600 608 1670 se
624 1599 751 1668 sanlius
765 1597 975 1670 willibaldus
993 1600 1026 1670 in
1039 1625 1138 1668 monte
1154 1603 1257 1695 Cafini
1271 1597 1360 1695 apud
1373 1598 1537 1668 monaste·

499 1709 583 1776 rium
602 1704 702 1775 sancti
720 1703 897 1795 Benedicti,
916 1704 972 1777 sub
988 1702 1106 1778 abbate
1125 1707 1308 1776 Petronace.
1327 1705 1361 1774 Et
1378 1705 1434 1775 hic
1452 1703 1539 1776 deci-

499 1837 570 1882 mus
588 1834 656 1884 erat
670 1840 786 1905 annus,
801 1839 840 1884 ex
852 1840 921 1909 quo
935 1814 1067 1885 exilium
1082 1811 1127 1882 est
1139 1810 1285 1900 adorsus,
1302 1817 1428 1882 nilacus
1448 1839 1538 1900 veto,

498 1948 533 1988 ex
549 1945 606 2010 qua
622 1925 803 2015 Ramarneft
821 1923 960 2015 egreffus.
982 1921 1153 2016 Postquam
1172 1945 1254 2016 ergo
1273 1919 1403 1988 sanlius
1421 1919 1538 1990 illevit
1645 1909 1646 1926 ¹

497 2027 529 2096 se
546 2027 717 2096 monachis
733 2023 871 2122 predicti
888 2027 954 2098 loci
972 2028 1154 2116 coniunxit,
1178 2027 1244 2096 vite
1266 2021 1449 2096 cenobialis
1468 2027 1538 2098 teli-

497 2129 734 2228 giostffimeque
766 2134 1022 2205 conversationis
1053 2156 1207 2202 normam
1232 2133 1265 2203 in
1296 2131 1328 2201 le
1356 2130 1540 2226 pleniffime

498 2238 697 2310 monstravit.
716 2239 826 2334 Igitur,
844 2264 957 2310 amore
975 2240 1125 2309 omnium
1142 2239 1177 2307 in
1190 2264 1267 2307 eum
1284 2260 1490 2332 provocate,
1507 2240 1540 2310 in

497 2345 616 2438 prium,
631 2345 806 2440 postquam
822 2345 899 2415 illuc
916 2347 1015 2434 venit,
1033 2370 1123 2416 anno
1140 2343 1243 2416 salius
1256 2345 1300 2416 est
1314 2341 1539 2414 cubicularius

497 2447 639 2541 ecclelte‚
672 2453 707 2520 in
742 2450 888 2522 secundo
918 2453 1105 2540 monasterii
1137 2450 1293 2542 decanus,
1319 2449 1540 2547 postmodum
1646 2489 1647 2492 ι

498 2561 576 2628 olio
597 2557 691 2626 annis
708 2559 742 2628 in
767 2555 895 2628 duobus
920 2556 1029 2654 positis
1054 2554 1100 2629 ibi
1123 2557 1324 2630 monasteriis
1356 2559 1541 2652 portarius:

496 2689 640 2760 quatuor
652 2665 746 2735 annis
756 2663 846 2760 apud
859 2666 1093 2736 monasterium
1101 2667 1135 2736 in
1152 2668 1274 2738 vertice
1292 2664 1418 2735 montis
1432 2661 1543 2752 suum,

498 2793 638 2867 quatuor
662 2771 766 2841 rursus
784 2770 874 2867 apud
900 2773 1132 2844 monasterium
1148 2773 1281 2844 inferius
1303 2771 1394 2842 iuxta
1420 2799 1542 2842 amnern

499 2884 634 2974 Raphita
653 2874 804 2972 postcom.

545 2985 631 3056 XVl.
655 2987 776 3056 Claruit
802 2985 832 3054 ie
858 2989 959 3055 eodem
982 3010 1113 3079 tempore
1138 2992 1168 3054 in
1194 2983 1369 3055 Teutonicis
1389 2991 1543 3082 parribus

496 3117 557 3160 tant
582 3119 671 3186 opere
701 3119 788 3184 quam
817 3101 936 3163 nomine
963 3094 1155 3183 ssanifacius,
1191 3096 1389 3186 maguntine
1415 3097 1543 3190 ecclefie

497 3202 748 3294 archiepiscopus,
766 3226 874 3293 genere
892 3204 997 3270 itidem
1015 3201 1141 3292 olnglus
1159 3199 1191 3268 6¹
1207 3202 1314 3292 sanila
1341 3201 1543 3271 Willihaltla

496 3330 652 3397 cognatus,
664 3309 860 3401 conuersaque
864 3307 1050 3398 postmodum
1050 3310 1159 3396 feraci
1167 3309 1273 3400 Fufia,
1283 3310 1410 3400 infignis
1421 3310 1448 3376 C
1449 3313 1545 3399 hrilii

496 3436 607 3502 martyr
615 3415 753 3503 futurus.
772 3414 836 3482 Hic
851 3439 917 3481 cum
934 3415 972 3480 de
985 3413 1159 3504 plantanda
1178 3413 1350 3500 Christiane
1366 3415 1542 3506 religionis

496 3523 674 3588 nutrimenta
691 3525 842 3612 cogitaret
859 3519 890 3587 a
908 3525 977 3588 huic
993 3524 1079 3611 operi
1095 3519 1213 3588 habiles
1230 3547 1265 3587 ac
1284 3518 1463 3609 neceffarios
1486 3547 1544 3590 un·

496 3627 640 3715 dicunque
653 3627 806 3695 anhelaret
819 3651 1002 3718 aggregate,
1023 3627 1291 3717 audieratfamom
1298 3627 1401 3716 sancii
1422 3631 1476 3690 W
1471 3627 1546 3694 illi·

496 3732 583 3800 haldi
607 3733 689 3824 apati
713 3737 838 3823 castrant
856 3733 994 3826 Cafinunt
1020 3733 1122 3800 divine
1146 3731 1322 3820 deditiffitni
1349 3734 1545 3825 contempla·

496 3844 585 3907 tiani.
612 3841 739 3908 Veniens
760 3864 835 3930 ergo
855 3841 982 3930 &rutam
1007 3840 1085 3906 idem
1104 3841 1358 3931 archiepiscopus,
1375 3843 1447 3930 pasl
1470 3841 1544 3908 alia

496 3971 560 4014 cuttt
572 3946 695 4038 presule
708 3946 873 4036 apostolico
890 3947 927 4012 de
940 3945 1089 4013 catholice
1097 3949 1179 4034 statu
1191 3945 1308 4040 ecclefie
1322 3944 1450 4030 collata,
1460 3949 1543 4039 suh·

497 4056 603 4139 iunxit,
628 4053 707 4142 quoti
720 4053 759 4144 se
767 4050 983 4143 ferventiffltne
1005 4055 1192 4142 excoquebat,
1215 4051 1397 4142 commiffunt
1406 4053 1543 4143 scilicet

494 4160 550 4250 fibi
559 4161 754 4252 maguntine
759 4161 848 4253 sedis
856 4161 1145 4252 achiepiscopatum
1160 4181 1236 4228 terre
1248 4155 1278 4226 θ’
1288 4159 1542 4251 locaruntsparia

499 4262 640 4356 amplum,
661 4265 847 4358 gentilitatis
868 4288 965 4332 autern
988 4271 1049 4336 ritu
1072 4265 1127 4357 effe
1140 4265 1317 4360 squalidum
1342 4265 1373 4334 6·
1394 4265 1539 4353 multum,

360 1305 418 1336 υτ·
499 1281 541 1352 lie
564 1277 658 1352 urbes
685 1285 861 1376 Syracusas,
880 1285 1039 1373 Caranum,
1070 1281 1249 1352 deveniunt
1268 1286 1434 1376 Rhegium,
1462 1279 1535 1348 hinc
1644 1293 1645 1324 ³

341 1419 377 1450 ιι.
500 1387 698 1481 Neapolim,
720 1384 797 1457 inde
815 1390 962 1482 Capuam.
