3448 5718
446 527 540 614 xxviij
775 547 779 552 ·
833 540 1056 594 ruarmo.

485 753 553 838 Quo
566 751 762 835 verosccilius
782 765 869 813 textus
882 753 972 830 noster
986 772 1047 812 cum
1061 750 1183 832 vulgeari
1202 748 1329 833 cmserri
1337 750 1434 834 poſjet,
1447 748 1481 810 id

446 853 509 914 utile
513 850 585 934 sore
591 851 706 932 putavi,
710 848 742 935 st
751 848 881 911 Aeetonini
886 849 1118 932 peregrinationis
1130 847 1287 910 breuiorem
1299 845 1476 930 reccnstonem

447 951 488 1012 ad
498 971 566 1010 meae
576 947 697 1011 editionis
706 946 808 1009 calcem
820 947 960 1008 adderem.
976 945 1011 1008 In
1025 945 1073 1007 hoc
1083 945 1175 1026 itaque
1188 944 1330 1006 volumine
1339 945 1402 1025 post
1410 943 1479 1006 inte-

442 1047 567 1128 griorem
581 1047 669 1129 operis
682 1045 875 1119 redactionem,
893 1042 1063 1106 Vaticanum
1078 1041 1228 1121 uerfionem
1241 1043 1372 1104 invenies.

486 1143 663 1229 ¹Quinetiam,
686 1142 759 1204 nobis
788 1142 899 1203 tandem
927 1142 956 1202 in
981 1139 1163 1224 recenteffimis
1189 1139 1354 1222 temporibus
1373 1139 1483 1220 contigit

446 1241 606 1303 mutilatum
627 1238 751 1302 Caduini
773 1239 896 1316 codicem,
918 1239 967 1319 qui
983 1237 1091 1319 quidem
1111 1236 1249 1299 ulterioris
1266 1235 1366 1314 atatis,
1383 1233 1482 1321 saculi

438 1336 547 1425 scilicet
572 1337 645 1398 XII
669 1337 720 1398 uel
744 1334 835 1400 XIII
844 1351 855 1384 1
883 1337 930 1417 est,
952 1335 981 1396 in
1009 1335 1137 1397 manibus
1164 1333 1276 1397 babere.
1304 1332 1391 1395 Illum
1417 1354 1482 1414 ergo

447 1448 531 1496 totum
549 1433 725 1524 inseruimus,
744 1434 792 1515 qui
806 1435 1004 1518 praecedentem
1026 1445 1128 1494 texttcrn
1150 1433 1184 1494 de
1204 1432 1291 1494 verbo
1310 1430 1481 1494 adverbum

437 1533 578 1620 sequitur.
602 1531 749 1616 ,Quamvis
766 1546 857 1594 autem
880 1532 913 1593 dc
933 1531 980 1593 illo
1000 1530 1089 1592 multa
1098 1530 1290 1618 speraverint
1305 1527 1357 1606 itt,
1376 1527 1424 1611 qui
1442 1551 1481 1590 mc

443 1628 647 1713 pracefferint,
678 1631 800 1707 editores,
816 1629 971 1712 fatendum
1008 1631 1047 1712 est
1080 1627 1158 1691 illum
1185 1626 1331 1711 perparvi
1356 1626 1483 1688 momenti

446 1727 499 1811 effe
521 1739 602 1809 atque
621 1728 782 1790 adtentum
800 1727 909 1788 nullum
926 1725 1157 1816 penesubfidium
1180 1725 1298 1809 afferre.
1322 1724 1429 1786 Eadem
1452 1722 1480 1783 in

446 1846 484 1902 eo,
512 1838 545 1884 nt
572 1825 601 1886 in
630 1823 768 1914 plerisque
795 1825 856 1887 aliis
883 1824 1026 1904 codicibus,
1050 1821 1189 1908 consuſso;
1218 1826 1252 1886 (θ’
1279 1823 1308 1885 in
1336 1843 1365 1884 eo
1389 1821 1482 1883 verba

447 1921 546 1983 uldma
575 1923 611 1983 ab
636 1922 798 2004 Acciphen
827 1921 911 2010 usque
935 1921 977 1983 ad
992 1905 1081 2004 finem
1105 1921 1212 2009 desunt.
1242 1919 1390 2002 Postquam
1418 1939 1483 2000 ergo

447 2030 485 2079 tot
503 2019 704 2109 manuscriptos
727 2020 826 2082 codices
850 2018 1025 2107 inspexerim,
1053 2020 1105 2081 vix
1128 2018 1196 2080 milei
1210 2017 1282 2103 fieri
1303 2014 1382 2102 poffe
1401 2018 1482 2078 vide-

447 2129 505 2194 tur,
527 2130 558 2178 ut
579 2116 742 2199 archetypam
763 2117 955 2200 indnuntur,-
978 2115 1025 2178 hoc
1050 2130 1141 2178 autem
1161 2136 1208 2177 nos
1228 2115 1365 2202 consolari
1382 2115 1479 2199 potest,

446 2214 521 2297 quod
526 2213 602 2295 longi
612 2214 716 2275 laboris
723 2214 825 2295 gratia
835 2227 938 2276 textum
948 2215 978 2274 in
988 2212 1081 2276 multis
1088 2213 1153 2276 loeis
1163 2214 1336 2276 emendatum
1347 2215 1388 2275 ad
1396 2213 1482 2274 lucem

444 2311 580 2393 proferre
594 2312 669 2373 nobis
683 2311 832 2394 contigerit.

489 2407 675 2494 [Imprcfflone
695 2410 752 2471 iam
774 2409 914 2496 absoluta,
930 2423 987 2472 tres
1007 2409 1074 2472 novi
1092 2411 1126 2474 ὅ
1145 2410 1230 2496 usque
1251 2408 1328 2472 hodie
1347 2407 1434 2490 ignoti
1452 2407 1481 2468 in

446 2528 546 2568 manus
568 2519 707 2570 venerunt
725 2508 834 2585 codices,
856 2507 903 2588 qui
925 2507 1048 2569 camdem
1072 2531 1107 2570 ac
1130 2506 1284 2571 Vaticanus
1307 2505 1482 2569 continebant

446 2604 682 2682 remattatimem,
705 2628 717 2665 e
738 2605 836 2686 quibus
855 2617 958 2667 textum
986 2604 1135 2685 meliorem,
1159 2619 1191 2666 ut
1215 2607 1289 2666 nobis
1319 2604 1414 2685 visum
1435 2603 1482 2687 est,

447 2703 638 2765 contexuimus.
653 2701 787 2786 ,Quorum
798 2704 909 2788 primus
920 2701 1055 2789 Parisiis,
1070 2704 1124 2786 alej
1133 2727 1201 2766 vero
1213 2703 1368 2766 Placentia
1378 2702 1484 2784 reperti

444 2801 520 2886 sunt.
538 2797 666 2880 Tectum,
690 2823 768 2884 quem
791 2802 866 2864 nobis
888 2800 935 2864 illi
955 2815 1077 2883 quatuor
1097 2803 1206 2882 codices,
1233 2801 1402 2866 Vaticanum
1424 2801 1482 2863 dico

447 2898 578 2985 aliosque,
592 2898 862 2984 suppeditaverunt,
877 2899 919 2962 cd
930 2901 1031 2962 calcem
1045 2901 1194 2963 voluminis
1208 2899 1385 2977 retulimus,²
1403 2921 1481 2980 quem

446 2997 561 3078 dignum
581 2994 636 3079 effe
654 2997 802 3074 credimus,
822 2997 871 3077 qni
888 2998 925 3058 ab
940 2999 1062 3059 omnibus
1076 3019 1143 3060 vere
1158 2998 1273 3061 cruditis
1293 2998 1367 3062 uiris
1382 3010 1481 3059 amente

441 3095 618 3179 perlegatur.
642 3093 757 3177 Quippe
782 3094 853 3155 enim
881 3095 910 3155 in
941 3094 994 3156 hac
1026 3096 1153 3158 breviori
1175 3095 1281 3159 itineris
1302 3095 1482 3158 Antoniniani

447 3191 579 3254 relatione
587 3192 677 3253 multa
691 3191 828 3254 intellectu
833 3191 979 3275 faciliora
989 3192 1132 3276 leguntur,
1147 3195 1181 3256 Εἰ
1191 3195 1333 3276 regionum
1345 3216 1379 3255 ac
1391 3193 1480 3256 villa-

446 3311 511 3352 rum
526 3290 637 3350 nomina
651 3290 751 3352 rectius
762 3289 939 3376 transcripta
950 3291 1024 3352 nobi5
1033 3291 1100 3377 visa
1107 3290 1188 3376 sunt.
1207 3289 1374 3377 Par-Istensts
1389 3306 1480 3353 autem

446 3410 480 3449 ac
494 3387 627 3449 recmtior
643 3385 822 3449 Placentinus
833 3388 914 3449 codex
926 3388 1000 3449 inter
1004 3388 1041 3474 sc
1055 3389 1143 3472 magis
1157 3390 1343 3462 conveniunt,·
1359 3388 1479 3452 Placen-

447 3485 535 3547 tinum
559 3484 679 3547 alterum
704 3507 738 3546 ac
764 3484 932 3548 Vaticanum
958 3510 990 3549 ex
1012 3487 1101 3549 eodem
1129 3487 1274 3570 archetypo
1300 3486 1482 3574 transcriptos

447 3580 502 3666 ff
516 3581 661 3644 credimus.

487 3679 568 3742 Huic
583 3703 665 3742 novae
669 3677 832 3765 scriptioni,
846 3703 930 3762 queem
944 3681 972 3742 in
987 3681 1135 3764 appendice
1150 3682 1223 3745 iuris
1234 3681 1342 3765 publici
1344 3681 1481 3765 fecimus,

448 3777 593 3858 antiquam
610 3775 754 3841 Gallicam
774 3777 925 3864 verstonem
946 3780 1050 3841 addere
1071 3778 1187 3861 placuit.
1209 3779 1300 3864 Qua,
1324 3778 1370 3864 etst
1389 3779 1484 3861 parvi

447 3874 578 3938 commodi
596 3877 637 3937 ad
655 3889 757 3938 textum
775 3876 893 3939 latinum
908 3876 1133 3959 constituendum,
1152 3901 1205 3939 non
1228 3875 1332 3964 absque
1342 3877 1433 3962 pretio
1448 3879 1484 3962 est

447 3974 541 4055 quoad
551 3975 643 4036 verba
654 3976 688 4036 &l
699 3975 832 4056 linguam
849 3973 879 4039 V
876 3973 985 4059 ceſsonis
996 3975 1072 4054 illius
1086 3987 1181 4037 aanor
1187 3975 1298 4058 penitus
1309 3975 1481 4058 ignoretur,⁸

448 4094 509 4134 cum
532 4086 623 4134 autem
643 4073 724 4135 codex
741 4073 814 4156 gall.
837 4073 910 4156 1038
930 4073 1040 4136 Bibliot.
1064 4073 1137 4136 Nat.
1163 4070 1275 4160 Paris,
1299 4073 1328 4136 in
1349 4097 1401 4155 quo
1420 4096 1481 4138 cum

443 4223 446 4230 ¹
487 4236 575 4288 :Nec
593 4237 641 4287 XV
660 4235 749 4301 saeculi,
766 4247 793 4287 ut
811 4247 932 4306 typogta-
997 4233 1139 4305 impceffum
1153 4236 1241 4288 extitit.

449 4315 525 4388 phIco
553 4315 665 4386 quodum
696 4332 778 4368 errore
803 4333 864 4385 pag.
899 4335 932 4382 90
1033 4315 1111 4370 2PP.
1128 4320 1252 4384 mco-382.
