3390 5720
473 523 861 578 nunnunsaucrn.
1133 507 1179 605 69

143 742 261 835 tribus,
279 745 355 838 quia
372 743 519 840 quinque
535 743 680 814 civitates
699 742 828 815 fuemnt
850 745 938 815 iuxta
956 769 1052 815 mare.
1080 742 1126 814 lbi
1146 746 1181 815 ἃ

142 850 250 921 statua
266 847 337 920 salis
354 849 409 940 est,
427 851 460 919 in
480 873 580 944 quam
597 851 687 921 versa
703 848 748 919 est
766 875 848 920 uxor
872 851 966 942 Loth,
993 849 1180 947 &quando

142 957 261 1027 crescit
275 955 365 1046 luna,
383 956 495 1028 crescit
511 959 547 1026 δι
563 954 642 1052 ipsa,
666 957 701 1026 ἃ
720 954 896 1051 quomodo
913 959 1070 1028 minuitur
1092 958 1180 1049 luna,

143 1060 344 1136 diminuitur
359 1065 394 1134 ἃ
409 1063 487 1159 ipsa.

196 1171 281 1242 XlX.
301 1169 426 1241 Civitas
440 1175 599 1261 livirda,⁶
614 1195 702 1242 trans
721 1167 904 1261 Iordanem,
917 1169 1012 1242 distat
1024 1199 1043 1243 a
1057 1171 1179 1244 iericho
1209 1193 1306 1241 uvare.

144 1274 340 1348 milliaribus
359 1274 547 1348 duodecim.
576 1282 609 1348 ln
626 1277 695 1373 ipsa
712 1276 845 1349 liviada
861 1279 979 1350 Moises
997 1277 1115 1351 silicem
1138 1279 1180 1351 de

143 1386 243 1482 virga
256 1383 417 1481 percuffit,
428 1386 464 1455 ἃ
477 1381 640 1456 fluxerunt
651 1407 747 1478 aque,
765 1409 829 1479 que
842 1380 1060 1457 abundantius
1074 1410 1180 1458 totam

144 1515 266 1562 terram
280 1492 427 1588 irrigant,
440 1488 859 1583 dactylorumincolatumb
874 1494 1036 1564 maiorem
1048 1491 1178 1564 habent.

146 1595 196 1669 lbi
213 1601 248 1669 δι
264 1598 382 1668 hloises
399 1597 553 1694 migravit
570 1623 589 1667 a
607 1597 725 1668 seculo.
757 1597 791 1668 Et
813 1595 858 1668 ibi
883 1627 956 1690 aque
978 1602 1075 1670 calide
1096 1601 1179 1691 sunt,

147 1703 207 1776 ubi
223 1709 357 1796 moises
373 1704 463 1796 lavit,
488 1703 556 1773 ἀ
547 1727 581 1774 m
606 1699 679 1799 ipsus
704 1705 797 1800 aquis
814 1702 926 1775 calidis
951 1704 1068 1803 leprosr
1086 1732 1179 1777 mun·
1210 1735 1319 1860 iiiii

146 1809 278 1883 dantur.

197 1917 269 1989 XX.
293 1917 340 1988 [st
352 1917 446 1988 locus
459 1919 554 1988 tertio
569 1917 721 1988 milliario
733 1944 752 1989 a
765 1917 973 1990 Ierusalem
947 1919 1086 2011 c1vitate,
1104 1946 1181 1992 cum

136 2027 252 2119 suardio
268 2029 400 2113 moria,
419 2048 523 2095 mater
541 2026 690 2116 Domini,
707 2026 767 2096 iret
784 2026 818 2096 in
837 2023 1036 2114 Bethlehem,
1050 2025 1181 2099 descen·

146 2130 198 2201 dit
214 2128 257 2201 ab
273 2128 370 2223 asma,
388 2135 423 2203 ἃ
439 2135 524 2227 sedit
539 2136 634 2227 super
650 2159 769 2228 petrum
790 2134 825 2202 ὅ(
842 2129 1007 2202 benedixit
1023 2134 1062 2204 ei.
1088 2133 1181 2208 Urbi·
1195 2155 1263 2202 Seuer
1275 2152 1388 2201 [Maria.
1475 2163 1478 2170 ¹

147 2239 219 2308 cius
236 2263 315 2310 vero
332 2237 502 2310 dicebatur
518 2237 699 2335 prepositus
717 2239 828 2335 palatii
847 2237 1034 2334 imperialis,
1053 2241 1108 2335 qui
1129 2265 1181 2312 ca·

146 2342 270 2441 pitibus
289 2347 525 2442 imperatorum
542 2369 703 2416 coronam
720 2347 893 2441 imponere
910 2345 1132 2438 consueverat,
1147 2351 1183 2419 ἃ

145 2452 217 2549 ipse
227 2477 280 2522 eas
293 2450 335 2522 de
348 2454 455 2548 capite
468 2448 687 2548 deponebas
704 2450 772 2547 lpse
780 2475 859 2522 vero
874 2449 1023 2524 Urbicius
1037 2451 1181 2548 lapidem

143 2560 179 2629 in
195 2556 379 2654 quadrumd
393 2555 519 2650 incidit,
529 2560 564 2628 ὅ(
577 2557 655 2628 fecit
664 2558 781 2629 eumin
795 2557 938 2629 formam
950 2557 1057 2629 altaris
1067 2561 1181 2631 volens

147 2691 227 2737 eum
240 2665 569 2762 Constantinopolim
583 2663 732 2762 dirigere,
741 2668 776 2735 dt
784 2663 866 2736 dum
874 2662 917 2736 ad
929 2689 1062 2762 portam
1073 2667 1182 2738 Saneii

148 2770 309 2869 Stephani
325 2773 461 2861 veniret,
479 2774 547 2842 iam
564 2773 704 2869 amplius
721 2798 798 2842 eum
822 2797 956 2844 movere
977 2797 1047 2843 non
1064 2775 1182 2869 potuit,

147 2905 252 2975 quem
272 2877 419 2975 lapidem
442 2903 546 2950 uuum
571 2881 686 2977 iugum
713 2877 839 2952 bovum
865 2876 1015 2950 ducebat.
1042 2879 1077 2950 Et
1101 2879 1182 2951 dum

146 2983 310 3076 viderent,
328 2983 420 3080 quod
438 2985 620 3058 nullatenus
639 3009 816 3082 pomerunt
841 3012 917 3056 eum
940 2989 974 3056 in
997 3010 1093 3058 antea
1110 3013 1182 3058 mo·

146 3119 225 3164 vere
225 3092 330 3189 ,lapis
342 3091 491 3188 sepulcro
509 3094 648 3164 Domini
664 3090 900 3190 applicabatur,
916 3096 952 3164 ἃ
967 3091 1013 3164 ibi
1029 3093 1129 3165 altare
1141 3093 1183 3166 de

146 3200 220 3295 ipsa
237 3223 330 3294 petra
347 3199 472 3269 facium
485 3198 541 3288 est,
562 3201 597 3270 ἃ
616 3197 657 3270 de
679 3199 751 3296 ipio
777 3199 877 3270 altare
898 3203 1182 3292 communicatur3

147 3329 264 3376 tamen
280 3305 354 3401 post
379 3255 563 3401 sepulcruin
588 3308 729 3378 Domini
757 3306 809 3378 est.
838 3307 905 3404 lpse
925 3333 1005 3380 vero
1024 3304 1183 3397 Urbicius,

146 3409 331 3530 prepohtus
360 3409 418 3483 sub
447 3409 655 3484 Anastasio
647 3437 861 3510 imperatore,
891 3362 1183 3511 Constantinopoli

148 3519 300 3609 moritur,
318 3521 352 3590 δι
371 3518 566 3614 sepelierunt
582 3547 682 3591 eum.
709 3545 806 3616 quem
824 3516 993 3593 Urbicium
1012 3545 1095 3593 terra
1112 3547 1182 3594 non

146 3627 290 3722 accepit,
309 3625 365 3696 sed
380 3627 476 3697 tertio
496 3625 549 3698 die
566 3653 644 3698 eum
660 3626 843 3724 sepulcrum
859 3627 938 3698 foris
956 3629 1096 3702 iauavit.

201 3730 249 3820 (Α
269 3732 436 3805 Ierusalem
451 3734 486 3802 in
504 3736 681 3804 Deriieiem
697 3733 845 3804 milliaria
865 3733 926 3805 sex.
955 3735 1028 3807 l=lec
1046 3736 1183 3832 Ephrata
1213 3765 1359 3812 aeturnum.

149 3837 241 3910 dicia
257 3839 302 3910 est
317 3835 359 3910 ab
377 3864 477 3910 uxore
499 3836 636 3930 Caleb,‘
653 3865 717 3935 que
734 3837 778 3910 ibi
803 3840 848 3910 est
874 3841 1008 3937 sepulta.
1035 3843 1184 3941 Quoque

150 3946 198 4016 est
216 3948 333 4042 Rachel
351 3947 385 4016 ih
402 3947 465 4037 via,
484 3971 547 4042 que
565 3943 656 4018 ducit
679 3945 723 4017 ad
740 3945 939 4039 bethlehem,
963 3947 1019 4020 ubi
1039 3949 1183 4047 lapidem
1228 3975 1358 4084 spurcum

151 4056 253 4124 erexit
268 4053 364 4150 super
369 4055 541 4147 sepulcrum
562 4055 629 4126 eius
650 4052 758 4146 iacob,
785 4052 878 4150 quod
903 4054 1011 4126 adhuc
1037 4083 1182 4154 apparet.
1271 4037 1344 4085 ’Μ’

185 4263 209 4297 a.
230 4247 295 4298 Lov.
307 4245 405 4299 Levita.
418 4275 452 4286 —
466 4248 490 4298 b.
505 4249 544 4312 1.,
558 4249 637 4314 Lem,
734 4249 759 4300 d.
781 4251 818 4316 1.,
840 4252 904 4304 Lov.
919 4248 943 4302 in
961 4249 1057 4318 speram
1075 4253 1184 4320 quadra·

151 4328 179 4379 P.
193 4325 322 4378 daciarum
334 4325 477 4378 Nicolaum.
500 4355 532 4366 -
558 4343 579 4380 c.
601 4329 639 4392 1.,
699 4337 760 4380 tam.
780 4357 813 4368 -
832 4347 854 4383 e.
880 4333 944 4384 lov.
963 4331 1068 4403 Culeph,
1091 4335 1118 4386 L.
1133 4336 1184 4387 Ca·

152 4407 226 4472 Lava
244 4407 271 4458 P.
286 4407 310 4457 iu
324 4404 374 4474 ipse
387 4423 429 4458 eos
445 4405 592 4476 castigabar.
699 4405 757 4460 leth.
