3446 5706
501 518 571 614 382
890 534 1123 588 Antomnos.

498 751 654 813 civitatem
675 749 855 831 Calcidamfl
869 751 940 814 inde
968 750 1260 832 venimus'Carran,
1286 753 1337 816 ubi
1366 755 1469 839 natus}
1477 758 1536 820 fuit

499 839 666 902 Abraham.
689 837 730 901 Et
752 840 823 902 inde
845 841 984 902 venimus
1007 841 1037 902 in
1059 841 1216 903 civitatem
1239 842 1459 928 Barbariffiem,
1479 847 1534 908 ubi

497 924 656 1008 requiescit
678 925 795 990 sanetus
824 925 957 1006 Bachus,
985 928 1076 991 frater
1104 927 1199 990 saneti
1228 927 1357 1016 Georgij
1384 935 1535 1016 martyris.

498 1009 575 1076 Inde
589 1015 728 1078 venimus
743 1015 773 1077 in
795 1016 952 1079 civitatem
974 1017 1111 1099 Saranel
1126 1038 1287 1100 perquam
1309 1021 1444 1084 mediam
1458 1023 1535 1085 civi-

499 1115 592 1162 tatem
617 1100 772 1165 descendit
799 1102 909 1167 fluvius
936 1106 1084 1190 Eufrates,
1108 1121 1162 1198 qui
1191 1118 1305 1182 ibidem
1330 1132 1384 1194 per
1406 1126 1535 1192 pontem

499 1185 647 1250 transitur.
662 1185 697 1254 ln
714 1187 775 1271 ipsa
794 1190 918 1254 civitate
934 1197 1003 1277 paffi
1018 1197 1085 1264 sunt
1099 1202 1218 1270 sanetus
1233 1203 1354 1267 Bachus
1368 1198 1399 1261 &
1414 1194 1535 1264 sanfihls

499 1272 667 1359 Georgius,
681 1276 723 1339 set
737 1276 854 1342 sanetus
871 1280 1028 1368 Georgius
1044 1290 1075 1352 in
1090 1295 1216 1359 civitate
1230 1291 1311 1376 Tyra
1326 1285 1498 1372 requiescit.
1516 1307 1527 1336 t

498 1360 604 1424 Tanta
623 1363 761 1428 videntes
776 1363 844 1428 loca
859 1370 1014 1437 miraculis
1031 1376 1157 1459 plena!
1165 1379 1273 1444 reversi
1288 1375 1451 1461 postmodo
1478 1395 1535 1458 pet

499 1450 610 1515 multas
630 1453 768 1518 civitates
782 1454 812 1517 &
826 1455 990 1525 castella&
1008 1467 1094 1532 vicos
1116 1469 1248 1534 &villas
1272 1467 1301 1531 δι
1321 1467 1447 1550 plateas,
1465 1463 1536 1526 fati-

498 1539 560 1619 gati
573 1561 610 1602 ex
622 1555 683 1604 tam
694 1541 787 1626 longo
798 1545 936 1626 itineres
952 1554 1091 1635 cepimus
1103 1555 1326 1642 itercmperes
1338 1550 1534 1618 &transeun-

500 1642 544 1688 tes
569 1649 663 1708 mare,
689 1633 829 1695 venimus
853 1635 970 1701 Italam
995 1648 1150 1728 propriam
1179 1647 1348 1729 regionem,
1370 1644 1535 1707 adiuvante

500 1714 641 1779 Domino
656 1718 757 1783 nostro
771 1718 836 1784 lesu
848 1725 1004 1808 Christos
1018 1755 1075 1815 pro
1087 1737 1174 1798 cuius
1189 1756 1295 1799 amore
1305 1735 1343 1796 ab
1353 1735 1413 1797 hiis
1425 1733 1527 1797 locisl

499 1805 600 1888 egreffi
616 1827 670 1888 pro
696 1809 800 1872 videre
822 1812 932 1878 ivimus
953 1834 1015 1882 tam
1036 1821 1086 1886 sua
1109 1824 1271 1903 mirabilia,
1293 1845 1352 1907 que
1374 1822 1434 1905 ipse
1456 1824 1535 1886 inter

499 1894 639 1958 homines
653 1896 791 1962 habitans
806 1901 888 1983 fecit,
906 1913 1017 1988 quami
1031 1911 1061 1974 δι
1075 1913 1235 1976 beatorum
1250 1910 1470 1995 apostolorum,
1483 1914 1533 1976 vel

499 2005 559 2067 que
574 2001 644 2047 ante
659 2002 779 2070 tempus
794 1991 1010 2060 incarnationis
1025 1997 1075 2063 sue
1090 2022 1127 2063 ex
1150 2002 1267 2084 virgine
1286 1997 1434 2082 alsumpta
1456 2002 1533 2064 olim

501 2096 555 2156 per
569 2076 752 2158 patriarchas
770 2080 978 2165 &prophetas
997 2086 1064 2153 suos
1080 2093 1190 2154 fecerat
1210 2089 1291 2154 lesus
1309 2089 1447 2154 Christus
1462 2089 1533 2153 Do-

500 2163 600 2228 minus
621 2167 729 2229 noster.
752 2169 900 2236 Viventes
928 2179 1070 2243 ovantesl
1093 2181 1232 2244 venimus
1254 2179 1439 2258 Placentiam,
1459 2202 1532 2262 pro-

500 2253 596 2335 priam
613 2255 768 2319 civitatem
782 2260 926 2343 nostram,
948 2265 1074 2348 positam
1089 2266 1176 2351 super
1197 2267 1325 2330 fluvium
1345 2270 1398 2351 qui
1419 2268 1532 2332 dicitur

501 2339 609 2420 Padus,
622 2343 698 2406 infra
712 2346 887 2412 iamdic'tam
899 2352 1025 2419 Italiam.

539 2427 678 2512 Explicit
695 2433 797 2498 istoria
818 2437 897 2502 beati
912 2441 1063 2507 Antonini
1086 2447 1216 2510 martiris
1238 2446 1268 2511 &
1290 2447 1423 2510 visitacio
1447 2446 1531 2509 sanc-

501 2534 604 2581 torum
618 2541 782 2604 corporum
796 2542 888 2610 atque
901 2531 1055 2614 locorum,
1068 2557 1129 2619 que
1140 2535 1278 2600 visitavit.
1291 2547 1303 2590 t

536 2709 559 2743 a.
574 2695 598 2746 V
599 2731 605 2746 .
620 2695 751 2752 Chalcida.
767 2729 800 2740 —
810 2704 835 2755 b.
851 2705 879 2757 V.
893 2707 980 2773 Suras,¹
1042 2706 1142 2759 reverti.
1154 2736 1190 2746 -
1206 2724 1234 2776 g.
1257 2707 1328 2760 cuius
1353 2708 1388 2760 est
1408 2707 1489 2760 honor
1506 2709 1530 2760 az

501 2775 522 2826 1.
538 2775 627 2844 Syron.
645 2807 677 2818 -
692 2796 713 2832 c.
726 2782 794 2835 set...
814 2785 945 2855 requiescit
953 2789 979 2839 d.
1042 2787 1123 2856 gloria
1137 2785 1162 2838 in
1176 2786 1256 2840 secula
1269 2787 1417 2841 seculorum.
1429 2789 1528 2840 Amen.

501 2854 527 2906 ia
539 2856 567 2908 Ρ.
589 2865 621 2898 -“
636 2858 663 2912 d.
679 2862 721 2928 V„
733 2865 753 2914 1.
769 2875 829 2916 tunc
847 2882 890 2934 per
909 2877 981 2918 tanta
1042 2869 1102 2921 add.
1117 2868 1152 2932 1²„
1176 2867 1202 2920 ia
1216 2885 1261 2936 quo
1273 2869 1361 2935 desunt
1373 2869 1480 2939 reliqua.
1496 2899 1530 2910 -

501 2937 598 2990 &talia
613 2937 718 2993 vidimus
735 2942 791 2995 loca
808 2943 832 2996 in
855 2944 981 2999 miraculis
1042 2948 1069 2999 h.
1082 2949 1110 3000 V.
1124 2949 1171 3001 hac
1184 2949 1249 3012 loca.
1267 2948 1329 3002 -i.
1350 2965 1427 3018 quam
1452 2951 1478 3002 d.
1505 2950 1530 3002 in

502 3017 590 3087 polita.
607 3048 639 3059 -
649 3038 672 3074 e.
687 3022 715 3075 Ρ.
730 3024 843 3076 excausa
856 3024 981 3095 longaiti-
1045 3029 1076 3080 7.
1090 3029 1183 3095 -j.1.
1198 3040 1309 3081 orantes.
1328 3057 1360 3068 -
1373 3029 1399 3081 lt.
1420 3029 1531 3100 lie-pltea

502 3115 569 3150 nere.
591 3128 624 3140 -
636 3099 654 3154 f.
671 3103 698 3154 7.
719 3103 810 3156 iterum
824 3121 933 3175 carpere
954 3107 980 3160 Ρ.
1043 3109 1069 3160 d.
1080 3107 1106 3160 ia
1121 3109 1150 3160 7.
