3296 5700
505 1105 854 1207 immantatum

253 1377 540 1484 BERNARDI
572 1383 855 1480 MONACHI
889 1391 1101 1486 FRANCI

189 2570 225 2621 &z
279 2578 397 2623 «κα
420 2556 480 2629 dus
497 2558 624 2654 sapiens
648 2558 783 2654 quando
804 2562 863 2634 ivit
883 2566 1043 2658 Ierusalem
1067 2566 1120 2639 vel
1138 2594 1188 2640 re·

142 2665 220 2759 diit,
239 2671 275 2740 &
292 2666 334 2739 de
349 2666 420 2764 ipsa
435 2665 597 2758 Ierusalem
614 2668 649 2736 &
666 2663 708 2738 de
724 2667 805 2738 locis
824 2669 910 2740 circa
926 2695 1010 2742 eam.
1028 2669 1042 2716 ⁶

186 2779 209 2848 1.
221 2778 325 2849 Anno
335 2768 586 2872 nongentesimo
596 2771 833 2871 septuageiimo
845 2775 1099 2849 incarnationis‘
1115 2779 1187 2851 Do·

142 2883 230 2954 mini
249 2881 349 2954 nostri
368 2881 432 2952 {esu
447 2879 577 2968 Christi,
603 2879 665 2951 hec
683 2879 779 2951 nobis
803 2906 974 2979 comperta
987 2883 1069 2956 sunt.
1086 2883 1149 2957 ‘ln
1175 2903 1187 2934 ‘

140 2991 288 3062 nonune
311 2989 462 3076 Domini,
487 2985 635 3058 volentes
657 2983 769 3060 videre
793 2989 870 3060 loca
894 2989 1092 3083 sannorum,
1120 3017 1185 3088 que

141 3096 220 3168 sunt
243 3097 443 3190 ierosolimam,
469 3091 575 3164 cums
586 3091 715 3165 duobus
741 3113 890 3167 memetu
913 3121 978 3195 ego
1006 3097 1185 3172 Bernardus

139 3202 269 3275 sociavi
291 3198 441 3273 fratribus
466 3200 502 3271 in
527 3196 708 3271 devotione
728 3202 881 3293 caritatis,
908 3200 1088 3299 exquibus
1114 3231 1183 3278 erat

141 3333 229 3380 unus
245 3333 285 3380 ex
299 3306 496 3379 monasterio
509 3305 598 3378 Beati
611 3306 778 3400 Vincentij
795 3309 1026 3400 Beneventani,
1044 3314 1183 3386 nomine

139 3412 435 3505 Theudemundus,
454 3413 533 3485 alter
545 3413 721 3511 Hispanus,
739 3417 877 3487 nomine
888 3415 1081 3513 Stephanus.
1094 3419 1108 3464 ⁸
1122 3421 1183 3518 {gi-

140 3547 192 3596 tur
218 3521 376 3595 adeuntes
400 3522 435 3594 in
465 3525 543 3592 Urbe
569 3519 734 3618 pontificis
759 3522 769 3568 ³
791 3522 945 3594 Nicholai
970 3523 1179 3622 presentiam,
1196 3543 1281 3594 noma

140 3626 343 3702 obtinuimus
365 3654 443 3701 cum
457 3629 514 3700 sua
526 3625 756 3701 benedietione
769 3654 904 3702 necnon
919 3631 1087 3704 &auxilio
1107 3657 1181 3730 per·

138 3735 245 3835 gendi
263 3734 477 3810 defideratam
492 3735 670 3809 licentiam.

173 3940 510 3996 aHaectamminR-
529 3941 628 3993 b.Des·
726 3938 742 3991 fi
763 3953 821 3991 cum
840 3938 911 3992 d.r'n
932 3940 1006 3994 F.-
1026 3959 1052 4012 g.
1069 3942 1096 3994 F.
1114 3945 1175 3996 add

140 4017 229 4090 cuiptio
304 4037 360 4072 eam
375 4021 468 4073 habent
484 4030 578 4074 murm
592 4019 628 4086 L,
688 4018 778 4088 ipsum.
789 4019 854 4072 -h.
864 4019 1090 4089 ruminasociorurr
1098 4022 1181 4090 defir'r

140 4099 168 4149 7.
181 4129 217 4140 -
230 4117 253 4154 c.
267 4101 292 4153 F.
308 4101 343 4152 ab
355 4099 533 4154 incarnatione.
553 4131 586 4142 -
602 4101 627 4154 d.
690 4098 878 4167 M,quiaddir=
890 4102 997 4156 Francia
1007 4102 1180 4157 veroestnati-

137 4176 183 4232 hec
245 4181 302 4233 sunt
316 4183 342 4234 d.
357 4181 384 4233 r'rr
403 4181 428 4234 F.
452 4209 487 4222 -
509 4199 530 4236 a.
548 4181 629 4237 omia
690 4176 774 4232 vitati·
790 4179 1139 4254 meelocur.—i.1ipape.

138 4271 161 4326 q.
171 4261 317 4327 naccum
329 4259 380 4328 dut
389 4261 416 4315 ἐκ
427 4263 466 4317 Μ.
