3434 5704
389 1261 394 1270 ·
520 1243 828 1336 sxtcutun
860 1247 932 1336 1v.
990 1367 993 1376 .

14 1735 201 1816 303·304
216 1723 281 1797 '*S.
301 1727 540 1814 Arra-omns,
566 1752 687 1816 martyr,
705 1725 735 1794 θ
755 1729 944 1797 [οΗΑΝΝΕε
962 1731 1127 1821 presbyter,
1158 1733 1243 1798 amba

215 1836 398 1904 Placentini.
417 1851 479 1921 (24)

256 1968 382 2054 «Igitur
403 1972 485 2032 hunc
501 1971 705 2050 Antoninum,
727 1971 881 2033 martirem
897 1971 1020 2050 Christi,
1043 1972 1144 2034 serunt
1164 1993 1243 2058 quo-

214 2063 285 2124 dam
297 2075 436 2144 tempore
449 2060 622 2124 Placentina
635 2061 716 2124 urbis
727 2059 838 2124 furibus
849 2057 1008 2143 egressum,
1019 2076 1110 2145 atque
1126 2063 1243 2141 Orien-

215 2149 289 2214 tales
308 2147 491 2234 pertransllse
513 2151 695 2234 provincias,
718 2149 875 2234 multaque
894 2151 925 2210 in
946 2147 1057 2212 eisdem
1079 2153 1244 2234 provinciis

215 2260 286 2300 eum
302 2237 449 2302 miracula
463 2235 568 2301 vidisse
582 2237 726 2320 scripturn
741 2239 917 2320 reperimus.
936 2263 949 2294 r

285 2346 479 2418 [Paffianarirrm
492 2348 548 2403 saec.
562 2349 602 2400 XI
614 2347 698 2417 script.
715 2345 848 2415 (Medios,
862 2345 927 2400 Bibl.
937 2347 1070 2416 Ambros,
1086 2351 1119 2415 E,
1132 2352 1194 2416 22).]

257 2486 270 2518 ι
294 2459 421 2526 Sanslus
445 2461 634 2540 Antoninus,
658 2481 748 2523 verus
769 2459 879 2524 Christi
907 2458 1068 2543 alumpnus
1094 2483 1111 2524 a
1132 2461 1246 2545 Spiritu

216 2548 327 2612 Sandlo
343 2551 487 2628 imbutus,
509 2549 639 2634 qualiter
663 2551 691 2610 in
715 2549 808 2612 domo
830 2547 892 2612 Dei
915 2549 1045 2613 debebat
1064 2551 1247 2632 conversati,

216 2640 394 2703 coadunatis
418 2639 559 2703 fratribus
580 2638 777 2722 &discipulis
792 2639 896 2700 multis
919 2635 1048 2720 egressus
1064 2639 1106 2701 est
1127 2641 1247 2703 Placen-

216 2727 295 2806 tiam,
318 2728 487 2792 defiderans
516 2727 621 2790 videre
647 2727 806 2805 mirabilia,
827 2749 894 2811 quae
919 2742 1062 2809 operatus
1085 2727 1128 2790 est
1150 2728 1248 2807 Deus,

216 2815 312 2878 homo
333 2816 430 2880 fassus
450 2838 506 2898 pro
528 2815 628 2878 nostra
643 2815 735 2880 salute
750 2815 780 2877 in
795 2811 971 2876 Iudaeorum
987 2815 1090 2896 patria.
1116 2813 1248 2901 Pergens

217 2905 320 2988 itaque
331 2904 463 2984 securus,
477 2906 549 2990 quia
562 2903 693 2968 vallabat
703 2925 774 2966 eum
789 2925 807 2966 a
821 2903 933 2966 dextris
943 2901 1001 2965 &a
1015 2902 1135 2968 finistris
1147 2908 1248 2968 muni-

218 2994 343 3057 tiffimus
358 3015 483 3058 murus.
498 3040 506 3056 .
522 3041 529 3055 .
544 3041 551 3055 .

259 3106 272 3140 e
290 3081 414 3145 Taliter
429 3081 634 3145 &iocundius
650 3101 742 3165 quam
757 3079 882 3163 cogitari
898 3078 947 3142 vel
962 3080 1014 3142 sari
1031 3079 1118 3161 possit
1132 3083 1249 3162 vivens,

218 3171 355 3254 ignotam
378 3170 612 3255 pertranseundo
637 3171 776 3252 patriam,
804 3167 875 3230 exul
904 3168 989 3230 venit
1011 3167 1248 3256 Hierosolymam.

220 3255 330 3344 Ibique
345 3259 513 3343 perplures
529 3261 641 3344 degens
653 3259 728 3336 dies,
743 3256 811 3320 loca
822 3255 995 3319 sansiorum
1008 3258 1249 3344 circumquaque

220 3345 412 3431 perlustrans,
427 3350 596 3432 promeruit
606 3347 750 3430 consequi
766 3345 900 3408 divinam
912 3346 1088 3428 gratiam...
1103 3344 1249 3429 lnspestis

222 3449 376 3497 tantorum
391 3433 532 3498 locorum
549 3436 733 3498 inhiantibus
755 3434 843 3516 signis
865 3479 918 3495 ...
942 3432 1058 3496 Volens
1078 3451 1180 3497 autern
1195 3436 1249 3496 ad-

222 3521 282 3585 huc
298 3522 407 3605 procul
423 3525 475 3604 ite,
495 3523 633 3589 collectis
655 3545 747 3607 quam
770 3523 909 3606 plu'rimis
929 3521 1099 3608 sodalibus,¹
1111 3524 1250 3604 pervenit

221 3611 257 3674 ad
280 3629 418 3676 montem
438 3613 536 3697 Synay.
560 3611 643 3676 Inter
657 3612 775 3695 reliqua
788 3632 862 3674 vero
877 3633 946 3694 quae
961 3609 1098 3691 inspexit,
1112 3611 1251 3674 mirabile

221 3700 320 3763 dictu!
332 3716 398 3764 erat
408 3701 449 3764 ibi
462 3722 635 3764 marmorea
644 3699 817 3764 statuanive
829 3699 998 3775 candidior,
1009 3699 1139 3781 effigiem
1149 3700 1250 3762 homi-

222 3789 267 3851 nis
282 3790 465 3872 exprimens,
484 3791 532 3853 cui
549 3791 621 3852 dum
639 3791 766 3874 profano
781 3790 841 3852 ritu
857 3785 1000 3849 sacrificia
1017 3786 1252 3868 spurcentiffima

222 3873 503 3940 &abhominabilia
524 3877 649 3940 ministri
665 3877 870 3960 nequitiarum
885 3875 1040 3952 offerrent,
1061 3891 1137 3937 tetra
1152 3892 1185 3937 ut
1200 3877 1252 3958 pix

221 3965 420 4043 efficiebatur,
436 3980 470 4027 ut
478 3963 749 4044 autemcessabant,
764 3965 794 4026 in
808 3965 964 4048 proprium
977 3963 1094 4026 redibat
1106 3964 1251 4027 colorem.

223 4051 329 4116 Credo
344 4075 407 4117 non
422 4054 452 4116 id
468 4051 551 4136 posse
564 4053 631 4117 fieri
646 4053 755 4136 absque
770 4051 917 4135 presentia
932 4049 994 4114 Dei
1010 4098 1109 4114 .....

267 4167 278 4198 ι
294 4141 403 4205 Flante
418 4139 539 4225 placido
554 4142 666 4220 austro,
683 4143 848 4224 fugatoque
863 4139 1017 4222 aquilone,
1035 4160 1180 4202 unacum
1196 4141 1253 4204 suis

223 4229 327 4293 noster
349 4230 498 4294 cumcivis
519 4229 636 4293 taraus
656 4229 686 4293 dr
701 4251 718 4292 a
739 4227 811 4292 Deo
827 4249 915 4292 carus
929 4229 1106 4292 Antoninus
1120 4228 1255 4292 reversus

207 4312 211 4320 ’
227 4319 320 4382 estad
335 4318 491 4382 civitatem
506 4317 691 4382 Placentiam.
709 4342 723 4374 ›

365 4425 387 4480 Ρ
1087 4498 1094 4514 ,
1120 4445 1133 4498 ⁵
