3390 5720
504 419 570 467 110
804 413 1026 468 ANTONINUS
1051 415 1226 468 MARTYR

498 657 645 732 XXXIV.
671 663 749 730 Elna
768 658 905 758 (Elusa),
925 668 1129 754 monasterium
1147 667 1226 733 circa
1244 664 1528 732 morsalinarum.

548 841 678 914 Deinde
699 845 848 915 venimus
869 845 904 914 in
924 844 1091 916 civitatem
1107 847 1205 914 Elua⁶
1220 845 1255 915 in
1274 843 1401 940 capiteb
1417 845 1531 933 eremi,

498 975 563 1048 que
579 947 670 1022 vadit
686 948 728 1021 ad
746 974 896 1022 montem
913 951 1017 1023 Sinai:
1032 951 1065 1022 in
1083 977 1148 1047 qua
1161 953 1262 1022 etiam
1277 977 1317 1022 ex
1330 951 1530 1024 revelatione

499 1057 645 1154 episcopi
662 1055 757 1153 ipsius
774 1058 912 1129 civitatis
929 1055 1111 1128 audivimus
1124 1060 1312 1146 miraculum,
1331 1056 1425 1153 quod
1440 1056 1530 1129 filere

500 1191 570 1236 non
581 1161 726 1259 opo'rtet:
741 1164 845 1235 Puella
858 1162 1003 1260 quedam
1016 1162 1146 1256 nobilis,
1162 1165 1296 1236 nomine
1307 1169 1441 1252 Maria,
1453 1190 1531 1234 curn

499 1297 602 1368 nupta
621 1271 737 1364 suisset,
755 1275 822 1371 ipsa
836 1278 933 1344 nolle
950 1297 1070 1368 nuptus
1088 1273 1133 1342 sui
1148 1271 1282 1367 sponsus
1300 1273 1368 1341 eius
1380 1296 1531 1342 mortuus

497 1379 550 1450 est.
565 1380 632 1475 lpsa
650 1379 735 1450 hanc
751 1407 820 1450 rem
837 1381 996 1476 patienter
1009 1379 1197 1474 portavit&
1214 1379 1298 1448 intra
1312 1378 1532 1475 septimanam

498 1487 612 1556 omnia
626 1487 682 1557 sua
696 1488 845 1585 erogavit
857 1483 1054 1584 pauperibus
1067 1485 1120 1557 vel
1132 1484 1341 1556 monasteriis.
1351 1483 1532 1556 Celebrato

497 1591 551 1664 die
565 1593 716 1689 septimo,
725 1594 794 1690 ipsa
808 1597 905 1664 nocte
918 1593 1110 1664 vestimento
1126 1589 1231 1688 sponsi
1248 1589 1386 1683 sublat0,
1396 1593 1532 1663 inventa

497 1725 566 1770 non
584 1699 638 1771 est.
666 1701 718 1770 De
743 1725 808 1795 qua
825 1699 950 1770 dilium
968 1699 1011 1770 est
1028 1696 1135 1789 nobis,
1158 1696 1251 1795 quod
1269 1695 1348 1769 esset
1363 1701 1398 1768 in
1416 1724 1532 1770 eremo

497 1829 584 1877 trans
613 1803 786 1876 Iordanem
815 1807 898 1877 inter
924 1805 1081 1876 calameta
1107 1807 1142 1875 &
1168 1805 1324 1902 palmeta,
1351 1806 1387 1875 in
1412 1803 1533 1876 finibus

497 1913 611 2012 Segor,
629 1914 714 1984 circa
732 1940 822 1984 mare
839 1913 1031 2003 Salinarum,
1052 1914 1085 1982 in
1104 1909 1220 2008 quibus
1246 1911 1328 1982 locis
1345 1913 1533 1982 invenimus

498 2027 704 2114 monasterium
728 2023 901 2116 puellarum
929 2018 1119 2116 quindecim
1143 2019 1195 2090 vel
1220 2018 1423 2109 ollodecim,
1450 2045 1534 2115 quas

498 2127 658 2199 christiani
673 2124 905 2224 papulabant.‘
921 2128 998 2223 Que
1015 2123 1182 2196 habebant
1199 2151 1301 2196 unum
1316 2125 1461 2214 asellum,
1475 2129 1535 2222 qui

499 2236 544 2306 eis
562 2231 682 2305 cibaria
699 2232 931 2331 apportabat,d
943 2237 979 2303 ἀ
996 2231 1183 2304 nutriebant
1202 2232 1337 2303 leonem
1354 2230 1534 2304 terribilem

498 2340 542 2412 ad
567 2338 758 2412 videndum.
790 2342 947 2436 Cumque
973 2336 1325 2436 appropinquassemus
1356 2340 1482 2432 cellule,
1512 2367 1534 2412 a

498 2449 605 2544 rugitu
622 2445 705 2518 illius
727 2449 841 2519 omnia
865 2447 1029 2536 animalia,
1052 2473 1116 2542 que
1135 2444 1319 2538 habuimus,
1346 2449 1537 2518 minxerunt

498 2555 583 2626 &in
602 2578 721 2624 terram
743 2579 942 2626 corruerunt.
965 2555 999 2625 lit
1015 2554 1166 2626 dixerunt
1182 2552 1290 2644 nobis,
1314 2553 1407 2650 quod
1424 2554 1535 2651 ipsum

500 2659 634 2731 asellum
646 2660 699 2730 leo
713 2659 910 2758 gubernaret
923 2664 956 2732 in
969 2661 1106 2758 pascuis,
1124 2686 1226 2756 quem
1241 2657 1424 2732 offerebant
1437 2658 1534 2731 nobis

500 2793 561 2864 pro
585 2790 718 2838 centum
743 2767 870 2860 solidis,
897 2767 955 2839 ille
976 2766 1256 2857 christianissimus,
1285 2792 1362 2838 cum
1387 2793 1456 2863 quo
1476 2769 1535 2860 sui,

499 2876 806 2972 parerAntoninus‘
823 2877 971 2972 accipere
983 2873 1099 2964 noluit,
1112 2872 1167 2944 sed
1178 2871 1260 2944 miste
1268 2874 1535 2966 Hierosolymam

500 2983 579 3071 cito,
603 2984 638 3052 ἃ
664 2980 799 3054 adduxit
828 2983 872 3053 eis
899 2983 1023 3052 tunicas
1050 2981 1213 3052 tricenass
1230 2985 1265 3053 δι
1294 2979 1336 3051 ad
1366 2981 1537 3053 cellarium

499 3088 668 3186 legumina
685 3089 737 3160 vel
756 3089 868 3160 oleum
885 3087 929 3160 ad
941 3088 1121 3160 luminaria.
1136 3087 1171 3157 Et
1187 3089 1255 3185 ipse
1269 3086 1365 3160 nobis
1383 3087 1537 3162 dixerunt

501 3193 543 3266 de
571 3193 741 3267 virtutibus
771 3195 882 3286 Marie,
912 3222 976 3291 que
1002 3192 1226 3266 ambulaverat
1253 3197 1287 3266 in
1316 3221 1427 3266 eremo
1456 3197 1536 3288 sola,

501 3327 636 3400 portans
657 3299 879 3401 leguminibus
899 3302 1066 3400 sportellas
1088 3302 1201 3398 plenas
1221 3303 1274 3373 vel
1295 3304 1430 3394 tunicas,
1453 3329 1537 3398 quas

502 3407 680 3505 cupiebant
705 3411 736 3480 ei
760 3408 904 3501 adferre3
928 3409 984 3480 sed
1010 3409 1116 3480 nullus
1142 3435 1216 3479 eam
1248 3411 1393 3480 invenire
1417 3413 1536 3505 potuit.

419 3557 423 3564 ·
503 3518 661 3587 Attamen
689 3515 731 3587 de
760 3517 808 3606 iis,
839 3543 902 3612 que
931 3517 1041 3587 secum
1071 3514 1217 3604 duxerat,
1249 3515 1330 3586 nihil
1358 3518 1540 3612 reportavit

503 3647 666 3694 revertens
700 3621 742 3694 de
768 3649 889 3694 eremo.
920 3623 1024 3694 Cuius
1059 3620 1272 3694 afflictionem
1291 3623 1343 3694 vel
1371 3624 1539 3719 ploratum

502 3727 591 3800 nulla
608 3729 735 3800 ratione
749 3730 912 3801 consolari
929 3731 1107 3826 potuimus,
1123 3728 1180 3801 sed
1194 3753 1321 3800 tantum
1337 3729 1442 3826 sepius
1458 3729 1539 3801 flens

503 3833 651 3907 dicebat:
679 3837 731 3908 Ve
756 3835 836 3908 mibi
863 3837 987 3926 misere,
1013 3837 1103 3907 cuius
1134 3837 1243 3959 causa.
1253 3862 1307 3908 me
1333 3836 1541 3908 christianam

504 3940 600 4013 dico?

541 4135 563 4169 a.
579 4119 618 4182 G,
632 4116 666 4170 al.
681 4117 787 4182 Eluaha,
799 4115 990 4182 Elual,Elvaal,
1052 4120 1152 4170 cebant.
1175 4147 1206 4158 -
1227 4118 1252 4171 d.
1274 4119 1311 4171 sic
1324 4135 1375 4188 ego,
1400 4091 1540 4190 α1.ἀ.εροτ·

506 4197 601 4263 Duaal,
619 4197 727 4250 Duahal.
747 4226 780 4238 -
801 4199 826 4250 b.
849 4199 874 4250 P.
888 4213 988 4265 campo.
1052 4199 1132 4250 tabat.
1155 4227 1187 4238 —
1209 4215 1230 4250 e.
1245 4197 1336 4251 Nomen
1349 4199 1412 4270 deest
1422 4198 1448 4252 ἐκ
1462 4202 1491 4254 G.
1507 4229 1540 4241 -

508 4306 541 4322 ·-
556 4293 577 4334 c.
592 4277 630 4333 Sic
641 4295 693 4352 ego,
706 4277 740 4332 al.
756 4277 920 4352 populabant,
936 4276 990 4347 pas·
1052 4276 1069 4334 s.
1085 4276 1173 4346 G.,a1.
1190 4289 1282 4334 ternas.
