3446 5706
476 507 545 606 356
867 525 1102 580 Turonostus

412 764 460 816 v11
513 748 565 813 De
578 750 654 812 domo
667 748 773 836 Caipbe
790 750 827 813 ad
845 750 968 835 pretorio
982 750 1072 814 Pilati
1092 748 1214 836 prefidis
1236 749 1307 834 paffi
1328 771 1458 814 numero
1473 773 1506 814 c.

469 835 517 901 lbi
525 836 569 900 est
575 836 687 988 ecclesa
698 838 805 902 Santra
815 838 930 922 Sophia.
944 835 991 902 Ibi
1002 842 1088 902 iuxta
1097 839 1232 904 remiffus
1243 839 1286 902 est
1295 838 1413 904 sanans
1424 840 1503 904 Hie-

469 927 578 989 remias
588 927 620 988 in
643 947 741 991 acum.
757 926 923 1008 Columna,
932 950 992 1011 que
1004 929 1100 992 fuitin
1113 930 1207 992 domo
1220 928 1398 1012 Caiphead
1407 949 1504 1012 quam

470 1013 627 1079 Dominus
638 1013 825 1081 nosterlesus
833 1017 970 1081 Christus
981 1016 1149 1101 flagellatus
1160 1017 1345 1081 est&modo
1356 1018 1388 1080 in
1400 1017 1502 1082 saneta

469 1103 531 1166 Sion
542 1103 616 1166 lullo
635 1103 766 1168 Domini
778 1101 874 1188 pofita
888 1105 940 1185 est,
953 1106 984 1169 dr
1000 1108 1075 1170 dum
1085 1128 1158 1169 eum
1174 1105 1369 1190 flagellabant
1382 1107 1502 1190 ample-

468 1191 562 1271 xavit,
574 1190 605 1254 dr
618 1189 693 1256 ficut
706 1192 738 1253 in
747 1213 826 1272 cera,
838 1193 878 1257 fic
894 1193 1016 1258 brachia
1030 1195 1105 1274 eius,
1119 1215 1226 1259 manus
1240 1194 1369 1278 &digiti
1384 1196 1450 1259 eius
1468 1199 1502 1260 in
1515 1221 1532 1270 t.
1543 1221 1609 1282 ,μ

469 1301 505 1343 ea
518 1279 669 1361 heserunt,
689 1280 850 1365 &semper
874 1299 959 1366 paret
972 1283 1089 1366 signum
1115 1284 1180 1346 eius
1201 1280 1336 1348 fimiliter
1356 1283 1388 1348 dt
1408 1285 1503 1350 facies

469 1369 544 1448 eius,
555 1389 672 1450 manus,
686 1368 817 1435 nasus&
831 1371 913 1433 oculi
927 1372 992 1435 eius
1006 1370 1081 1435 sicut
1093 1373 1125 1435 in
1140 1393 1208 1436 cera
1222 1371 1365 1456 designat.

431 1479 458 1528 x
511 1456 635 1519 Deinde
652 1457 745 1541 usque
766 1460 803 1522 ad
825 1458 931 1522 locum
952 1461 1003 1523 ubi
1025 1460 1143 1524 sanetus
1158 1460 1329 1544 Stephanus
1349 1461 1504 1545 lapidatus

469 1544 512 1608 est
522 1546 593 1628 paffi
600 1567 730 1609 numero
741 1568 787 1610 cc.
795 1545 841 1612 Ibi
849 1548 891 1611 est
899 1548 1024 1612 ecclesia
1034 1550 1109 1629 eius,
1117 1569 1210 1632 quam
1221 1551 1375 1612 ordinavit
1386 1552 1505 1614 domna

469 1631 611 1714 Eudosra,
642 1655 720 1698 uxor
746 1634 914 1721 Theodosrj
942 1638 1142 1720 imperatoris.
1181 1636 1306 1701 Deinde
1335 1641 1372 1702 ad
1390 1640 1504 1730 pastina

469 1721 547 1801 Siloi,
560 1723 613 1785 ubi
628 1720 730 1786 milsus
740 1723 783 1786 est
798 1723 968 1788 Hieremias
984 1726 1133 1808 propheta
1139 1726 1176 1789 ad
1189 1727 1329 1806 Abacuc,
1343 1727 1415 1810 paffi
1435 1727 1504 1790 sunt

468 1831 596 1872 numero
611 1833 638 1873 c.
654 1809 730 1900 Que
743 1810 857 1895 piscina
870 1814 951 1878 intra
964 1836 1070 1879 murus
1084 1815 1135 1878 est.

509 1899 560 1962 De
574 1901 651 1962 domo
665 1900 756 1962 Pilati
769 1901 861 1984 usque
876 1902 913 1965 ad
922 1903 1030 1992 piscina
1046 1903 1194 1966 Probatico
1209 1902 1279 1986 paffi
1291 1900 1357 1966 sunt
1370 1923 1503 1966 numero

466 2011 495 2070 c,
510 1989 561 2050 uhi
574 1988 731 2052 Dominus
741 1986 821 2054 Iesus
833 1989 973 2056 Christus
987 1991 1179 2074 paraliticum
1193 1992 1322 2072 curavit,
1335 1993 1423 2056 cuius
1437 1993 1499 2054 lec·
1515 2011 1585 2062 m,

468 2093 515 2142 tus
526 2078 626 2142 adhuc
634 2078 675 2141 ibi
686 2075 738 2142 est.
747 2077 784 2142 ln
793 2079 946 2142 Probatica
957 2079 1068 2167 scelesta
1076 2081 1184 2143 Sandae
1191 2080 1310 2144 Maria
1317 2082 1421 2144 mauis
1431 2077 1503 2143 Do-

467 2167 552 2229 mini.
576 2167 639 2230 Ubi
659 2166 793 2230 sanetum
808 2165 956 2232 Iacobum
971 2167 1129 2234 Dominus
1143 2190 1236 2232 marm
1251 2169 1301 2232 sua
1321 2171 1503 2253 episcopum

467 2255 619 2318 ordinavit
639 2255 705 2338 post
725 2257 844 2320 ascensa
858 2256 1001 2338 Domini,
1028 2257 1058 2322 dr
1079 2257 1140 2341 ipse
1162 2255 1256 2322 Iacob
1277 2257 1439 2341 episcopus
1463 2260 1503 2321 de

467 2347 560 2426 pinna
573 2344 703 2429 Templi
718 2346 846 2410 iadlatus
866 2345 909 2408 est
927 2347 957 2410 dr
977 2347 1055 2410 nihil
1075 2349 1103 2410 ei
1124 2349 1242 2426 nocuit,
1264 2347 1312 2409 sed
1334 2346 1411 2410 lullo
1430 2369 1504 2410 eum

468 2455 541 2497 cum
555 2435 630 2498 fuste
644 2439 782 2519 percuffit
799 2439 830 2503 a
844 2454 1004 2522 propterea
1024 2437 1186 2501 donnaus
1200 2435 1253 2516 est,
1273 2435 1304 2499 dr
1325 2436 1438 2520 posltus
1459 2435 1503 2498 est

468 2543 580 2607 corpus
594 2525 659 2590 eius
673 2527 705 2589 in
719 2519 808 2592 inante
823 2528 942 2592 Oliveti.

403 2631 455 2684 χΙΙ
507 2611 550 2676 Et
570 2615 630 2697 ipse
654 2616 773 2681 sandius
797 2615 979 2681 lacobus&
1004 2616 1123 2681 sanetus
1145 2617 1311 2681 Zacharias
1331 2615 1362 2678 dt
1383 2613 1502 2679 sanetus

469 2704 601 2790 Symeon
616 2707 648 2769 in
663 2729 724 2771 uua
738 2709 896 2772 memoria.
912 2708 1040 2772 Sanetus
1053 2705 1185 2770 lacobus
1199 2706 1367 2769 fabricavit.

417 2817 455 2868 χι
511 2793 550 2857 Et
558 2795 599 2858 ibi
608 2796 651 2859 est
658 2797 742 2862 iuxta
753 2797 839 2862 vallis
846 2796 1009 2882 Iosaphath
1021 2798 1072 2860 ubi
1080 2794 1172 2860 ludas
1182 2796 1313 2861 crudelis
1325 2795 1501 2860 Dominum

469 2883 567 2948 Iesum
582 2885 738 2950 Christum
752 2884 855 2951 Iudeis
869 2887 1000 2950 tradedit
1014 2909 1070 2971 pro
1084 2909 1145 2949 xxx
1160 2900 1330 2968 argenteos.
1344 2884 1386 2949 Et
1401 2887 1443 2948 ihi
1457 2885 1502 2948 est
1514 2893 1530 2942 f.
1541 2895 1574 2942 ιε
1586 2895 1610 2942 u

469 2973 580 3061 ecclesta
595 2974 703 3039 Santtae
717 2975 824 3039 Marii
837 2976 941 3040 matris
956 2975 1099 3054 Domini,
1113 2975 1143 3038 dr
1157 2975 1200 3037 ibi
1216 2972 1373 3038 Dominus
1387 2974 1501 3038 lavavit

469 3065 562 3148 pedes
576 3063 795 3147 discipulorum
810 3065 931 3127 suorum
946 3065 976 3128 dr
996 3063 1037 3127 ilii
1052 3065 1174 3127 cenavit
1187 3064 1241 3144 eis,
1264 3063 1295 3126 dt
1309 3064 1351 3126 ibi
1372 3061 1441 3126 sunt
1453 3065 1497 3148 iiij

468 3156 618 3236 accubita,
632 3155 662 3218 dr
676 3158 708 3218 in
722 3155 785 3237 ipsa
798 3157 939 3220 accubita
952 3172 1055 3220 ternos
1069 3156 1211 3218 homines
1224 3153 1377 3233 sustinent,
1391 3153 1422 3217 dr
1436 3156 1498 3238 ipse

468 3245 555 3308 locus
575 3245 606 3307 in
621 3245 816 3328 spelunca&
838 3248 879 3310 ibi
894 3245 937 3311 est
959 3245 1174 3310 monasterium
1196 3265 1251 3308 ccc
1266 3247 1499 3310 monachorum.

404 3349 455 3400 ΧΙΙ
508 3334 619 3398 Subtus
639 3338 731 3419 pinna
752 3336 870 3419 templi,
891 3337 933 3401 ibi
958 3335 1000 3399 est
1014 3333 1197 3398 monasteria
1217 3333 1387 3417 puellarum
1408 3337 1500 3420 virgi-

468 3447 554 3505 num,
574 3423 604 3488 dr
624 3426 747 3508 quando
772 3425 875 3510 aliqua
895 3444 1000 3488 earum
1024 3424 1062 3485 de
1084 3420 1186 3485 seculo
1207 3421 1361 3502 transterit,
1381 3425 1413 3487 in
1434 3424 1499 3508 ipso

468 3513 649 3576 monasterio
672 3516 797 3597 ponitur
819 3533 930 3596 corpus
954 3513 1018 3574 eius
1042 3509 1073 3573 dr
1098 3509 1315 3595 qualiscunque
1342 3513 1500 3578 intraverit

467 3602 594 3681 devidit,
608 3601 679 3666 inde
693 3623 756 3665 non
772 3604 958 3686 permittitur
972 3603 1046 3667 foris
1060 3604 1151 3666 exite.
1165 3601 1207 3666 Et
1222 3618 1309 3686 porte
1324 3602 1363 3664 de
1376 3600 1497 3664 monas-
1512 3621 1580 3683 εις.

469 3691 544 3754 terio
559 3689 623 3773 ipso
636 3712 806 3775 numquam
820 3693 1004 3774 aperiuntur,
1017 3691 1071 3755 nist
1086 3693 1209 3775 quando
1218 3693 1321 3774 aliqua
1334 3690 1372 3753 de
1388 3689 1497 3772 puellis

468 3779 510 3841 ibi
525 3794 652 3862 propter
669 3779 774 3843 Deum
790 3781 901 3845 intrare
915 3781 1056 3862 voluerit,
1071 3801 1142 3844 nam
1157 3780 1273 3863 semper
1286 3779 1386 3842 clausa
1399 3779 1498 3859 eit&

469 3866 617 3931 masculus
641 3868 682 3931 ibi
701 3891 870 3953 numquam
884 3870 1079 3956 ingredietur.
1103 3868 1145 3933 Et
1164 3871 1264 3933 vidtur
1284 3889 1392 3931 eorum
1412 3867 1498 3953 super

469 3980 575 4022 muros
588 3960 762 4041 deponitur,
776 3981 887 4044 aquam
901 3978 973 4023 vero
988 3961 1026 4022 de
1040 3959 1168 4023 cisterna
1182 3960 1348 4022 auriuntur.

367 4059 455 4110 xxxl
510 4049 635 4112 Deinde
646 4048 736 4132 usque
750 4051 787 4113 ad
802 4073 882 4112 mare
892 4049 982 4112 Pontu
993 4071 1055 4112 xxx
1069 4048 1144 4128 mih,
1159 4049 1211 4110 ubi
1223 4046 1340 4112 sandtus
1351 4047 1500 4112 Clemens

471 4135 573 4202 millus
587 4135 631 4202 est
644 4139 676 4201 in
694 4140 779 4218 mari,
792 4141 842 4202 cui
861 4139 992 4202 anchora
1006 4139 1043 4202 ad
1058 4137 1175 4202 collum
1188 4137 1280 4222 ligata
1294 4136 1346 4218 est,
1359 4136 1391 4201 dr
1404 4137 1500 4200 modo

472 4228 503 4289 in
519 4227 611 4290 natali
626 4229 691 4290 eius
707 4228 875 4292 sacerdotes
887 4226 917 4291 δι
928 4247 1035 4291 omnes
1052 4227 1184 4310 popolus
1199 4246 1252 4309 per
1266 4227 1370 4291 barcas
1384 4224 1501 4290 discen·
