3432 5710
652 583 758 681 (562)
1152 602 1221 682 235

234 820 359 882 ‹Tunc
381 820 399 882 s.
420 820 546 903 Tygris,
566 817 627 880 fide
649 819 748 902 plena,
771 817 895 880 vinculo
917 818 943 879 se
965 819 1127 881 iuramenti
1149 842 1226 881 con-

189 910 317 988 strinxit,
331 911 414 993 quod
434 931 497 971 non
514 910 595 990 prius
617 909 654 970 ab
671 907 732 990 ipso
749 907 819 969 loco
843 907 1019 986 discederet,
1041 929 1143 991 quam,
1158 930 1225 990 per-

190 1000 330 1062 mittente
345 999 502 1080 unigenito
514 996 594 1059 Filio
608 996 681 1075 Dei,
692 1019 729 1059 ex
742 997 885 1059 membris
898 998 925 1059 b.
936 993 1059 1060 Ioannis
1073 997 1225 1079 baptista,

189 1089 322 1172 aliquam
340 1087 519 1170 particulam
535 1103 700 1148 mereretur
714 1089 870 1168 accipere;
885 1086 932 1147 sed
946 1088 1006 1148 loci
1023 1086 1104 1149 illius
1117 1089 1226 1150 incolae

189 1177 263 1238 illud
280 1178 482 1238 iuramentum
499 1177 627 1238 omnino
644 1176 824 1257 impossibile
840 1176 1023 1237 iudicabant.
1042 1172 1108 1257 Ipsa
1124 1193 1224 1239 tamen

189 1266 326 1350 quotidie
349 1282 419 1328 ante
442 1265 556 1327 sandlas
573 1265 715 1346 reliquias
731 1264 786 1326 sese
801 1264 957 1342 offerebat,
978 1287 1068 1327 orans
1089 1280 1121 1326 ut
1138 1265 1225 1328 Deus

189 1355 247 1417 iter
268 1355 351 1416 suum
372 1353 552 1436 prosperum
573 1352 754 1415 efficeret&
776 1353 954 1414 desiderium
977 1351 1165 1434 adimpleret.
1189 1352 1225 1415 In

189 1465 250 1526 qua
273 1444 442 1505 intentione
467 1444 622 1504 continuis
648 1442 768 1504 duobus
794 1443 890 1520 annis,
915 1443 1024 1525 iugiter
1050 1440 1225 1506 Dominum

190 1532 366 1613 deposcens,
382 1533 493 1593 devote
509 1532 716 1612 perseveravit.

231 1647 244 1677 ‹
259 1621 370 1682 Tertio
384 1622 506 1682 tandem
519 1621 686 1702 incipiente
698 1643 789 1696 anno,
801 1641 872 1683 curn
885 1621 946 1681 iam
957 1621 1088 1681 nimium
1098 1621 1226 1700 orando,

190 1711 364 1786 ieiunand0,
391 1710 557 1791 vigilando,
585 1709 711 1772 affiduas
738 1709 886 1791 lacrymas
912 1709 1078 1788 fundendo,
1104 1709 1226 1791 fatigata

190 1799 271 1877 esset,
286 1799 314 1861 bt
329 1799 365 1861 ad
382 1798 524 1860 effoetum
537 1798 617 1860 suarn
630 1800 811 1881 petitionem
827 1799 986 1879 pervenire
1001 1820 1062 1860 non
1079 1815 1227 1877 cerneret,

190 1888 318 1968 proiecit
333 1889 360 1948 se
379 1905 448 1948 ante
464 1886 646 1967 sepulcrum,
663 1889 757 1948 corde
772 1887 905 1947 contrito
922 1884 950 1946 bt
966 1885 1138 1963 bumiliat0,
1154 1885 1224 1948 Do-

189 1977 307 2038 minum
323 1974 559 2058 lacrymabiliter
574 1997 673 2054 orans,
699 1992 733 2037 ut
753 1977 818 2038 eius
834 1974 1026 2036 diutissimam
1044 1974 1224 2057 petitionem

189 2067 331 2128 exaudire
360 2065 534 2147 dignaretur
544 2093 552 2140 ;
584 2065 729 2128 adiiciens
757 2084 915 2146 nunquam
941 2063 969 2123 se
994 2063 1031 2124 ab
1053 2062 1115 2142 ipso
1142 2065 1226 2144 pavi-

189 2173 293 2216 mento
320 2154 527 2231 surrecturam,
550 2154 722 2236 priusquam
748 2153 860 2234 pius&
881 2150 1051 2213 misericors
1067 2149 1225 2212 Dominus

137 2260 140 2264 ’
188 2243 269 2304 suam
296 2243 437 2325 impleret
451 2243 652 2323 petitionem3
674 2243 778 2325 ibique
794 2245 905 2318 iacens,
923 2241 1104 2322 nullumque
1120 2241 1223 2302 cibum

187 2334 318 2416 gustans,
342 2333 414 2394 llere
430 2333 458 2394 bt
474 2355 560 2396 orare
585 2357 647 2396 non
673 2330 804 2411 cessavit,
832 2333 959 2414 cupiens
981 2327 1097 2392 dissolvi
1119 2331 1146 2392 de
1167 2328 1224 2392 esse

188 2443 259 2482 cum
275 2421 409 2499 Christo,
425 2423 520 2504 magis
537 2443 628 2504 quam
645 2422 776 2483 incarne
788 2441 974 2501 permanere.
988 2417 1044 2480 Sed
1056 2419 1225 2480 misericors

191 2509 346 2572 Dominus
368 2511 474 2572 videns
505 2511 569 2571 eius
598 2509 808 2585 constantiam,
837 2506 929 2570 fidem
952 2506 1226 2585 inviolabilem&

189 2599 334 2660 invidiam
366 2598 627 2681 perseverantiam,
652 2597 855 2658 misericordia
884 2613 996 2674 motus,
1025 2597 1169 2658 concessit
1198 2596 1224 2658 ei

189 2689 304 2748 donum
321 2684 489 2768 quaesitum,
505 2685 533 2747 bt
549 2686 692 2747 omnibus
704 2685 811 2748 seculis
826 2685 1047 2747 admirandum.
1065 2685 1127 2748 Dei
1143 2686 1225 2746 enirn

189 2793 276 2836 motu
294 2776 435 2857 apparuit
457 2775 543 2856 supra
565 2774 736 2856 sepulcrum
761 2774 789 2834 b.
811 2771 935 2836 Ioannis
958 2773 1099 2855 Raptistae
1123 2773 1225 2856 pollex

188 2861 329 2946 ipsius&
352 2885 420 2944 pars
443 2863 619 2946 digitorum,
642 2865 693 2944 qui
724 2880 899 2924 meruerunt
926 2862 1057 2924 Domini
1081 2865 1225 2924 verticem

188 2970 310 3036 tangere
331 2955 361 3013 in
384 2953 517 3014 Iordanis
530 2952 667 3029 flumine,
692 2953 814 3034 quando
832 2951 891 3033 ipse
907 2951 1097 3033 Redemptor
1120 2950 1224 3013 subeo

188 3043 328 3125 dignatus
343 3041 386 3102 est
397 3041 556 3122 baptizari.

230 3157 242 3189 e
258 3131 417 3213 Cognovit
436 3147 538 3192 autem
554 3130 651 3191 sandla
671 3129 733 3191 Dei
753 3128 865 3189 famula
878 3128 905 3189 se
923 3125 981 3191 esse
997 3129 1181 3208 exauditam,
1196 3129 1225 3191 bt

187 3222 305 3282 sumens
321 3219 394 3280 illud
412 3220 547 3281 sandium
564 3217 625 3280 Dei
639 3220 766 3295 donum,
782 3217 935 3298 resumpto
952 3218 1053 3300 spiritu
1070 3219 1122 3300 qui
1139 3239 1224 3300 paene

187 3309 218 3370 in
234 3330 269 3370 ea
280 3309 442 3385 defecerat,
454 3307 621 3389 &receptis
635 3308 748 3368 viribus
759 3306 826 3368 laeta
839 3307 974 3368 surrexit.
987 3306 1225 3389 Reconditoque

187 3420 224 3458 eo
241 3399 270 3458 in
286 3396 407 3477 capsula
428 3418 520 3478 quam
541 3397 657 3457 dudum
678 3413 835 3477 paraverat
859 3395 942 3474 (curn
963 3397 1071 3456 ceteris
1087 3394 1224 3456 minutiis

187 3486 406 3568 reliquiarum),
427 3486 562 3567 gaudens
582 3486 678 3566 coepit
699 3487 735 3546 ad
760 3485 883 3566 propria
899 3504 1040 3546 remeare.
1056 3480 1223 3565 Impletum

187 3575 229 3636 est
251 3576 281 3636 in
303 3574 355 3636 illa
380 3573 463 3656 quod
491 3576 521 3635 in
542 3573 713 3656 Evangelio
736 3575 880 3655 scriptum
909 3573 1099 3635 invenimus:
1124 3572 1225 3635 Omnis

188 3665 236 3746 qui
253 3665 324 3746 petit
347 3663 457 3745 accipit,
482 3665 515 3724 Εἰ
539 3665 587 3745 qui
609 3664 713 3745 quaerit
737 3664 855 3740 invenit,
877 3664 910 3724 fis
929 3662 1059 3751 pulsanti
1079 3662 1225 3744 operiebar

188 3751 314 3833 (Matb,
330 3748 402 3831 VII,
414 3755 453 3834 7).
468 3750 644 3813 Recedente
660 3767 762 3813 autem
778 3751 891 3812 samula
904 3749 976 3828 Dei,
990 3771 1062 3811 cum
1077 3747 1149 3811 esset
1164 3751 1223 3810 iam

187 3841 279 3924 longe
302 3841 396 3923 spatio
422 3839 540 3922 aliquot
568 3839 753 3917 milliarium,
779 3840 979 3922 provinciales
1001 3840 1031 3900 in
1058 3839 1085 3900 se
1106 3834 1224 3916 reversi,

188 3950 306 4011 magnae
321 3931 462 3990 amentiae
477 3928 506 3990 bt
521 3929 648 4010 ignavia
664 3930 815 4011 imputare
830 3944 1001 4010 coeperunr,
1015 3928 1098 4010 quod
1116 3926 1225 3989 mulier

189 4018 387 4103 peregrina&
402 4018 527 4079 inermis
543 4018 693 4078 honorem
708 4021 803 4099 regni,
814 4033 1018 4079 tutamentum
1032 4015 1148 4098 populi,
1163 4012 1224 4077 stne

188 4106 430 4169 conuadidlione
442 4103 589 4186 &absque
602 4105 719 4182 iniuria,
729 4105 790 4166 sola
801 4106 942 4167 auferret.
956 4105 1031 4190 Qua
1043 4104 1080 4166 de
1094 4127 1124 4166 re
1137 4101 1223 4166 simul

189 4217 296 4258 omnes
321 4195 481 4271 commoti,
507 4192 592 4254 cursu
614 4192 801 4255 velocissimo
827 4194 952 4256 insecuti
978 4193 1052 4255 sunt.
1080 4191 1173 4278 Quos
1191 4210 1224 4256 ut

188 4285 274 4361 vidit,
288 4284 385 4344 nimio
402 4299 517 4345 terrore
531 4285 668 4363 expavit:
693 4282 739 4343 sed
756 4283 890 4366 fugiendi
911 4282 1014 4344 locum
1029 4304 1092 4343 non
1108 4281 1223 4343 habuit.

232 4399 244 4431 a
261 4371 358 4434 Tunc
374 4369 547 4434 totocorde
563 4369 599 4431 ad
615 4368 790 4433 Dominum
812 4370 967 4451 conversa,
984 4371 1082 4432 oravit
1096 4392 1134 4431 ne
1149 4391 1222 4453 gau·
