3390 5720
318 569 368 622 DE
397 569 500 623 LOCIS
526 569 819 624 TRANSMARINIS
845 571 981 624 SACRIS.
1101 567 1165 651 125

117 784 242 864 Marie,
266 787 306 848 de
327 809 387 870 qua
408 808 475 848 eam
498 787 605 850 dicunt
626 788 662 850 ad
678 787 761 851 celos
779 785 864 850 nisse
884 787 1041 867 sublatam,
1060 787 1091 851 &
1106 787 1166 871 ipsa

119 874 213 937 vallis
231 873 437 939 Gethsemani
455 877 568 939 ibidem
584 892 711 938 vocatur
725 875 873 960 losaphat.

160 963 199 1024 In
230 965 390 1027 dexteram
413 981 529 1048 partem
552 981 638 1046 porte
659 963 702 1026 est
732 965 932 1028 olivetum&
960 964 1107 1045 ficulnea,
1136 967 1165 1028 in

120 1073 186 1136 qua
197 1051 298 1116 Iudas
311 1052 420 1136 laqueo
433 1055 461 1115 se
473 1052 632 1136 suspendit.
648 1053 719 1115 Hoc
731 1052 820 1116 estad
835 1071 955 1136 portam
966 1053 1165 1117 Hierusalem.

120 1143 227 1207 Cuius
251 1141 334 1204 talea
354 1141 409 1204 stat
431 1144 550 1206 munita
571 1144 662 1226 petris
688 1160 775 1224 porta
800 1145 931 1207 civitatis
957 1167 1017 1228 que
1042 1149 1167 1207 coheret

122 1245 214 1312 porte
238 1229 374 1314 speciose
395 1253 455 1314 que
477 1232 533 1294 suit
555 1230 671 1314 templi,
690 1233 777 1294 cuius
801 1231 938 1295 liminare
961 1232 1167 1296 &tribulatio

121 1319 189 1380 stat.

163 1408 335 1472 Clinantes
356 1409 443 1490 proni
467 1407 496 1469 in
519 1423 627 1468 terram
644 1409 759 1492 ingressi
782 1407 882 1472 sumus
897 1409 927 1470 in
944 1408 1076 1471 sandtam
1091 1411 1168 1472 civi-

122 1514 232 1576 tatem,
258 1498 289 1559 in
316 1517 378 1579 qua
391 1498 551 1558 adorantes
567 1495 696 1559 Domini
714 1513 948 1560 monumentum
964 1519 1056 1582 quem
1072 1497 1167 1581 ipsum

122 1602 371 1647 monumentum
394 1586 423 1646 in
448 1607 510 1667 quo
525 1605 636 1667 corpus
653 1585 782 1647 Domini
800 1583 931 1668 positum
946 1588 1013 1664 suit,
1028 1588 1058 1650 in
1080 1603 1169 1650 natu-

124 1674 225 1736 ralem
242 1673 378 1737 excisum
394 1671 437 1734 est
452 1690 577 1755 petram.
595 1673 736 1736 Lucerna
751 1675 780 1736 in
796 1677 882 1756 ydria
893 1697 952 1759 que
964 1675 1018 1738 illo
1031 1691 1168 1758 tempore

125 1767 162 1826 ad
187 1764 297 1846 capite
317 1763 382 1824 eius
398 1760 492 1843 posita
506 1763 612 1840 luerat,
633 1763 747 1825 ibidem
763 1765 847 1825 ardet
869 1766 918 1826 die
933 1764 1097 1847 nodluque.
1120 1763 1168 1826 Ex

128 1875 191 1938 qua
218 1850 471 1914 benedidtionem
494 1849 618 1914 tulimus
640 1850 952 1935 &recomposuimus
978 1873 1022 1915 ea.
1049 1851 1084 1915 In
1106 1876 1169 1937 quo

126 1955 340 2005 monumento
356 1940 394 2001 de
409 1939 480 2002 soris
495 1941 625 2002 mittitur
639 1955 725 2019 terra,
739 1941 768 2002 &
784 1943 987 2026 ingredientes
1007 1962 1061 2024 pro
1076 1941 1169 2005 bene-

128 2033 272 2095 difilione
287 2027 408 2090 tollunt.
425 2027 519 2110 Lapis
531 2049 602 2090 vero
616 2030 696 2090 unde
708 2029 841 2092 clausum
854 2031 911 2092 suit
922 2045 1169 2109 monumentum,

130 2119 229 2202 ipsum
258 2118 304 2182 est
328 2132 397 2178 ante
419 2116 499 2178 illius
521 2135 766 2180 monumentum.
789 2117 887 2182 Color
910 2139 983 2180 vero
1005 2134 1088 2200 petre
1109 2140 1170 2198 que

129 2208 230 2272 excisa
254 2205 300 2270 est
321 2209 359 2267 de
375 2204 524 2288 Golgota
546 2207 629 2269 Nam
653 2207 715 2289 ipsa
730 2223 814 2289 petra
827 2224 973 2271 exornata
987 2206 1030 2269 est
1043 2229 1081 2269 ex
1096 2228 1169 2268 auro

132 2298 161 2361 &
175 2299 325 2380 gemmis,
345 2295 376 2358 dv
396 2295 427 2356 in
444 2292 638 2376 postmodum
654 2297 692 2356 de
711 2294 772 2376 ipsa
793 2311 878 2377 petra
893 2295 1005 2358 fanum
1021 2293 1064 2357 est
1077 2295 1169 2357 altare

131 2388 159 2449 in
181 2387 258 2450 loco
282 2387 334 2450 ubi
357 2381 520 2448 crucifixus
542 2382 584 2444 est
599 2381 765 2446 Dominus.
789 2382 961 2446 Petravero
976 2386 1168 2447 monumenti
1253 2393 1255 2398 ’

130 2475 213 2538 velut
239 2474 374 2552 molaris,
396 2473 427 2536 δι
448 2469 490 2533 est
513 2470 629 2532 infinite
643 2487 749 2532 ornata
762 2472 854 2554 virgis
875 2471 987 2550 ferreis,
1007 2473 1172 2554 pendentia

131 2559 314 2638 brachialia,
336 2559 549 2636 dextrochiria,
568 2579 703 2638 murene,
722 2559 859 2637 monilia,
879 2559 959 2621 anuli
980 2559 1171 2642 capitulares,

132 2649 265 2733 cingella
279 2649 385 2732 girata,
399 2646 500 2725 baltei,
512 2668 649 2726 coronas,
661 2649 825 2731 imperium
836 2671 873 2710 ex
885 2669 957 2710 auro
969 2649 1017 2710 vel
1029 2649 1171 2732 gemmis,

132 2735 368 2800 &ornamenta
388 2735 526 2819 plurima
548 2736 590 2800 Et
610 2736 708 2819 ipsum
730 2754 965 2800 monumentum
988 2738 1018 2799 in
1041 2739 1169 2799 modum
1205 2797 1206 2800 ,
1252 2757 1257 2764 ·

133 2829 187 2889 ede
214 2842 401 2909 coopertum
430 2845 469 2886 ex
498 2841 633 2908 argento,
660 2824 691 2887 &
718 2842 787 2888 ante
812 2842 1048 2887 monumentum
1077 2825 1170 2888 altare

154 2914 276 2978 osttum.

133 2941 151 2998 p
173 3006 203 3067 A
225 3017 431 3067 monumento
453 3022 526 3064 vero
549 2999 641 3085 usque
657 3001 819 3086 Golgotha
837 3002 904 3066 sunt
924 3003 1009 3086 gresli
1025 3003 1111 3079 lxxx;
1132 3003 1170 3064 ab

135 3115 193 3155 una
213 3110 300 3177 parte
321 3091 491 3154 ascenditur
506 3111 559 3172 per
572 3092 691 3173 gradus,
706 3093 786 3154 unde
805 3091 961 3154 Dominus
985 3091 1119 3154 ascendit
1133 3092 1169 3154 ad

136 3181 385 3266 crucifigendum.
401 3179 433 3242 N
436 3200 484 3240 am
500 3179 531 3241 in
547 3177 618 3242 loco
632 3181 684 3242 ubi
697 3180 754 3242 suit
769 3179 932 3243 crucifixus
945 3197 1071 3262 apparet
1082 3200 1172 3242 cruor

137 3270 297 3354 sanguinis,
313 3269 343 3332 δι
360 3270 391 3331 ἱη
404 3268 466 3350 ipso
476 3268 569 3330 latere
579 3285 662 3350 petre
674 3268 716 3330 est
726 3269 819 3331 altare
828 3269 995 3351 patriarche
1005 3269 1170 3347 Abraham,

139 3361 167 3420 in
187 3381 249 3442 quo
272 3359 336 3420 ibat
357 3357 462 3418 offerre
478 3356 577 3419 Ysaac
598 3359 721 3440 quando
745 3359 906 3440 temptavit
920 3378 991 3420 eum
1005 3356 1169 3420 Dominus.

140 3444 183 3509 lbi
213 3447 242 3510 δι
268 3445 500 3510 Melchisedech
530 3445 641 3509 obtulit
668 3445 849 3510 sacrificium
878 3447 1018 3524 Abrahe,
1046 3447 1169 3529 quando

140 3537 342 3600 revertebatur
366 3557 438 3597 cum
463 3536 591 3598 visloria
617 3557 634 3598 a
657 3537 732 3598 cede
755 3535 915 3599 Amalech.
937 3535 1034 3599 Tunc
1057 3535 1170 3596 ibidem

141 3625 222 3687 dedit
242 3627 271 3690 ei
294 3627 450 3688 Abraham
473 3647 597 3688 omnem
619 3627 856 3688 decimationem
878 3625 908 3686 in
935 3623 1055 3686 hostias.
1081 3620 1171 3684 quta

143 3711 234 3794 ipsum
259 3715 353 3779 altare
372 3715 416 3777 est
436 3717 545 3798 cripta,
570 3715 621 3777 ubi
646 3716 734 3797 ponis
752 3735 854 3776 aurem
879 3713 910 3776 δι
934 3714 1020 3776 audis
1044 3711 1172 3773 llumina

141 3821 293 3882 aquarum,
313 3805 344 3868 δι
366 3803 459 3867 tactas
475 3825 602 3886 pomum
636 3821 688 3866 aut
703 3804 775 3887 quid
791 3818 894 3864 natare
911 3799 1018 3884 potest,
1042 3799 1170 3864 &vadis

144 3891 178 3950 ad
189 3891 281 3975 Syloa
295 3894 411 3955 sontem
422 3893 452 3956 δι
464 3893 504 3955 ibi
521 3913 591 3954 eum
606 3891 755 3975 suscipies.
771 3890 857 3954 Intus
872 3892 952 3976 Syna
967 3889 996 3952 δι
1009 3889 1171 3972 Golgotha

144 3981 231 4042 credo
246 3981 290 4043 est
304 3981 476 4043 miliarium.

181 4068 263 4131 Nam
276 4068 479 4132 Hierosolima
492 4090 603 4154 aquam
618 4071 718 4132 vivam
730 4091 792 4131 non
808 4069 908 4146 habet,
923 4084 1022 4150 preter
1036 4068 1066 4129 in
1078 4065 1170 4129 Solua

148 4155 234 4220 sonte.
260 4157 477 4242 DeGolgotha
493 4157 586 4242 usque
608 4159 660 4220 ubi
683 4159 807 4220 inventa
821 4154 864 4218 est
877 4177 951 4218 crux
967 4155 1033 4218 sunt
1047 4155 1130 4238 greffi
1147 4154 1166 4216 l.

182 4242 216 4307 ln
237 4244 359 4309 basilica
373 4247 564 4312 Constantini
586 4247 749 4309 coherente
770 4247 850 4308 circa
871 4260 1106 4308 monumentum
1121 4243 1169 4305 vel

149 4331 313 4418 Golgotha,
334 4337 366 4400 in
386 4338 462 4399 atrio
484 4334 575 4419 ipsius
597 4333 716 4399 basilice
738 4333 780 4396 est
795 4333 971 4396 cubiculum
986 4333 1037 4395 ubi
1052 4333 1169 4416 lignum

148 4427 238 4490 crucis
249 4427 442 4490 reconditum
454 4425 505 4506 ell,
519 4427 602 4509 quod
615 4422 848 4490 adoravimus&
859 4421 1068 4493 osculavimus.
1085 4421 1169 4489 Nam
