3296 5700
430 529 481 582 nu
506 529 610 582 Locis
635 529 800 582 sauctrs.
1062 535 1133 608 227

91 749 213 822 tudine
231 747 353 822 habens
377 773 511 822 centum
531 747 751 847 quadraginta
771 749 882 842 stadia,
907 753 942 823 in
961 749 1131 823 latitudine

93 856 317 956 quadraginta
327 873 352 949 ς’
361 883 446 953 aqua
463 855 566 928 dulcis
583 855 676 928 &ad
695 856 882 954 potandum
893 856 1019 947 habilis,
1038 855 1131 955 siqui-

92 963 173 1035 dem
201 990 265 1037 nec
281 965 426 1062 palustris
445 964 574 1063 uliginis
592 960 731 1034 crassum
749 963 873 1060 aliquid
891 989 946 1036 aut
965 962 1131 1036 turbidum

93 1073 226 1168 recipit,
244 1074 320 1167 quia
337 1072 474 1142 arenoso
493 1069 639 1166 undique
660 1070 768 1142 littore
785 1072 1044 1144 circumvenitur.
1067 1070 1130 1143 Sed

92 1179 127 1248 δι
145 1179 275 1250 amenis
302 1176 521 1249 circumdatur
552 1175 696 1274 oppidis,
725 1174 769 1249 ab
795 1179 918 1250 oriente
949 1176 1067 1250 luliade
1096 1181 1131 1249 dt

95 1285 227 1381 Hippo,
256 1283 298 1356 ab
329 1282 501 1357 occidente
531 1281 704 1354 Tiberiade
735 1286 827 1380 aquis
857 1284 969 1355 calidis
1000 1283 1132 1376 salubri3

93 1417 219 1490 genera
237 1416 373 1487 quoque
388 1391 526 1489 piscium
541 1391 635 1490 gustu
648 1393 683 1462 δι
696 1391 801 1488 specie
815 1416 916 1486 quam
932 1394 966 1462 in
978 1393 1044 1464 alio
1056 1391 1129 1463 lacu

93 1499 318 1596 prestantiora

95 1737 159 1810 Xll.
178 1743 232 1808 De
249 1743 329 1808 mori
341 1739 480 1809 Mortuo
497 1738 529 1807 d
546 1763 652 1809 namra
670 1743 736 1808 eius
752 1762 839 1830 utque
855 1742 1024 1809 adiacentis
1040 1766 1126 1815 terte.

142 1901 251 1970 <sisare
269 1900 438 1968 Mortuum
454 1895 662 1994 longitudine
674 1893 853 1967 stadiorum
870 1899 1130 1996 quingentorum

97 2001 294 2102 onogintab
317 2003 417 2099 usque
443 2003 486 2074 ad
502 2005 633 2074 Zoaros
651 2001 781 2094 Arabie,
798 2004 970 2076 latitudine
996 2031 1131 2077 centum
1181 2041 1185 2048 ·

97 2112 337 2210 quinquaginta
358 2111 458 2205 usque
475 2108 519 2180 ad
539 2111 648 2181 vicina
664 2108 890 2181 Sodomorum
909 2111 1129 2206 protenditur3

98 2243 172 2288 nam
182 2217 271 2290 &de
280 2218 385 2315 puteis
396 2214 568 2312 quondam
579 2214 649 2286 salis
657 2215 731 2313 post
742 2215 888 2288 Sodome
898 2219 1130 2290 &Gomonhe

97 2326 311 2396 &civitatum
323 2322 534 2394 finitimarum
547 2319 808 2393 combustionem
820 2320 989 2394 inundaffe
1003 2325 1129 2396 certissi-

98 2457 187 2502 mum
204 2431 260 2504 est.
277 2435 425 2528 Apparet
438 2453 517 2501 vero
530 2427 646 2525 procul
663 2425 705 2498 de
718 2428 848 2524 specula
865 2430 988 2501 montis
1006 2431 1130 2503 Oliveti

97 2535 314 2630 cernentibus,
330 2530 423 2632 quod
445 2532 603 2605 lludluum
619 2531 787 2606 collisione
805 2560 1016 2608 commotum
1032 2535 1127 2610 salsis·

98 2642 209 2715 simum
228 2644 317 2716 eiicit
339 2644 395 2732 sal,
418 2643 453 2712 δι
478 2642 544 2712 hoc
567 2640 636 2711 sole
657 2638 811 2712 siccatum
836 2644 1004 2739 accipitur,
1022 2643 1128 2714 multis

98 2753 224 2848 utique‘
245 2746 433 2824 nationibus
458 2748 674 2845 prebiturum.
698 2747 801 2819 Aliter
819 2774 897 2820 vero
924 2751 957 2821 in
980 2748 1128 2846 quodam

98 2859 200 2931 Siculo
219 2882 335 2930 monte
353 2857 398 2928 sal
414 2855 483 2927 fieri
499 2854 628 2946 dicitur,
647 2851 702 2926 ubi
714 2852 840 2951 lapides
865 2855 906 2926 de
929 2880 1010 2928 terra
1030 2855 1128 2928 evulsi

97 2992 205 3036 verum
221 2963 420 3038 salfilsrmum
437 2963 482 3037 sal
503 2965 538 3034 δι
560 2964 683 3033 cunetis
712 2958 816 3032 usibus
839 2962 1037 3059 aptissimum
1054 2989 1127 3060 pre·

98 3071 201 3163 beant,
219 3070 313 3169 quod
331 3069 396 3142 elle
414 3069 459 3141 sal
474 3094 556 3141 terre
579 3066 705 3139 dicitur.
723 3069 812 3140 Mare
830 3096 942 3141 autem
958 3071 1125 3142 Mortuum

98 3181 285 3278 appellatur,
310 3204 351 3250 eo
382 3175 474 3274 quod
499 3175 580 3247 nibil
604 3178 736 3272 recipiat
766 3175 914 3273 generas
933 3178 1126 3270 viventium,

97 3313 198 3383 neque
211 3287 315 3386 pisces
333 3311 441 3381 neque
458 3281 594 3355 assuetas
611 3283 703 3379 aquis
724 3308 815 3373 aves,
834 3285 917 3354 tauri
942 3283 1125 3380 camelique

101 3391 241 3467 fluitent.e
259 3395 413 3488 Denique
432 3388 454 3461 sr
473 3387 617 3461 lordanis
634 3392 746 3461 auclus
758 3386 916 3460 imbribus
932 3390 1034 3486 pisces
1048 3391 1123 3461 illuc

98 3498 253 3572 influenss
265 3500 418 3597 rapuerit,
443 3497 549 3568 statim
565 3498 749 3567 moriuntur
769 3493 996 3595 &pinguibus
1024 3499 1117 3594 aquis

99 3607 311 3704 supernatant.
330 3607 507 3678 Lucernam
524 3601 695 3675 accensam
716 3603 823 3675 ferunt
839 3603 1045 3700 supernatare
1059 3601 1123 3676 sine

100 3713 158 3785 ulla
181 3710 420 3803 conversore}
446 3736 507 3784 nec
532 3710 687 3782 exstincto
713 3708 860 3808 demergi
885 3710 1020 3802 lumine,
1046 3713 1124 3806 quin

100 3822 131 3890 dc
151 3847 206 3893 vas
232 3817 437 3894 demersum*
453 3842 521 3891 arte
545 3814 691 3913 qualibet
715 3814 847 3888 difficile
865 3815 975 3888 herere
993 3819 1026 3888 in
1044 3843 1124 3915 pro-

132 3991 152 4024 ι
168 3971 329 4026 neminem
340 3982 423 4026 nom
433 3971 481 4036 Μ.,
494 3971 573 4036 1².,o.
653 3967 671 4019 s.
681 3968 719 4019 Pc.
732 3967 756 4018 in
769 3966 866 4019 lludlus.
881 3997 916 4006 -
930 3968 1005 4036 gn,
1021 3984 1126 4021 conver-

101 4051 237 4106 blantum
254 4053 295 4106 Pb.
306 4053 355 4120 viij.
370 4080 403 4092 -
420 4069 442 4104 c.
456 4051 522 4119 Mffi,
535 4052 574 4102 ed.
636 4045 712 4112 lione,
733 4057 761 4098 ut
782 4064 828 4098 nec
841 4045 931 4114 tingui,
948 4063 993 4100 nec
1010 4047 1121 4116 demergi

102 4132 155 4198 ol,
177 4132 212 4187 al.
236 4133 337 4203 ubique.
356 4163 393 4172 -
414 4132 440 4184 d.
464 4131 516 4197 m,
539 4130 574 4184 al.
635 4127 720 4180 lumen
730 4126 810 4196 possit,
818 4125 926 4195 quiavas
936 4127 1032 4180 d.-h.
1041 4127 1123 4194 Grets.

102 4229 221 4280 genemm.
232 4244 268 4254 -
277 4231 298 4267 e.
311 4213 352 4266 Pb.
360 4211 575 4265 dissimilitudinem
637 4205 770 4273 diversum,
772 4205 822 4274 sed
834 4205 946 4273 inferius.

99 4293 147 4344 auri
164 4294 303 4365 camelique
314 4293 426 4346 bitumen
435 4291 525 4349 fluitet
