3434 5704
683 547 789 642 (385)
1197 563 1244 647 75

222 783 294 868 quid
309 783 424 867 garrire
438 782 476 844 de
489 781 593 864 spiritu
607 781 708 846 fando
722 781 753 846 δι
765 800 904 865 coeptum
917 783 1097 866 opusculum
1117 785 1247 848 eiusdem

224 872 306 934 urbis
321 869 458 954 pontifici
473 871 613 934 dedicare
627 915 727 934 .....

264 986 278 1018 e
295 957 371 1022 Ilico
386 980 444 1042 ego
458 958 542 1022 velut
557 958 741 1042 postliminio
757 960 949 1050 lerosolymam
970 960 1034 1023 sum
1054 961 1198 1040 reversus,
1217 962 1247 1025 dt

177 1045 182 1054 “
224 1047 289 1129 post
300 1045 425 1110 Romuli
443 1045 540 1109 casam
555 1046 748 1110 &nudorum
763 1047 908 1130 lupercal,
927 1048 1122 1111 diversorium
1137 1049 1248 1114 Mariae

224 1133 440 1218 &speluncam
455 1134 618 1196 Salvatoris
632 1132 741 1218 aspexi.
759 1161 771 1192 o

293 1245 325 1309 [S.
340 1242 520 1313 Hieronymus,
531 1244 573 1296 Aa
584 1239 764 1306 Pauliniarum,
783 1245 814 1294 de
831 1242 922 1310 Spiritu
939 1246 1025 1296 Suasio
1043 1241 1161 1314 (Migne‚
1177 1245 1247 1297 Patr.

222 1321 276 1389 sat,
288 1323 385 1386 xxm,
398 1338 419 1374 c.
435 1321 517 1387 ror).]

264 1439 376 1520 ellac,
386 1443 427 1500 mi
440 1441 565 1502 domina
575 1439 687 1521 Asello,
704 1461 799 1523 quum
809 1441 871 1503 iam
881 1461 991 1504 navem
1002 1441 1249 1522 conscenderem,

224 1527 334 1608 raptim
352 1527 428 1591 flens
450 1526 614 1612 dolensque
633 1524 803 1611 conscripsi,
821 1527 851 1589 te
869 1528 977 1610 gratias
996 1549 1053 1610 ago
1075 1527 1146 1590 Deo
1166 1551 1248 1609 meo,

224 1615 306 1699 quod
325 1616 434 1699 dignus
452 1611 517 1696 lim,
535 1637 627 1700 quem
645 1619 777 1679 mundus
797 1616 907 1679 oderit.
933 1615 1002 1682 Ora
1026 1633 1127 1678 autem
1153 1633 1186 1678 ut
1210 1617 1248 1680 de

222 1703 363 1788 Babylone
384 1705 577 1792 lerosolymam
600 1705 761 1789 regrediar,
780 1727 819 1767 ne
842 1705 918 1767 mihi
943 1706 1119 1767 dominetur
1138 1705 1247 1767 Nabu-

223 1793 425 1873 chodonosor,
437 1793 486 1856 sed
500 1791 592 1872 lesus,
601 1792 681 1856 filius
694 1790 804 1876 Ioseph
816 1838 824 1855 .
836 1839 842 1855 .
855 1839 863 1856 .
881 1792 984 1857 Saluta
997 1792 1121 1855 Paulam
1133 1792 1162 1855 bt
1174 1793 1249 1856 Euf-

224 1881 371 1962 tochium,
394 1881 468 1945 velit
485 1881 564 1944 nolit
582 1882 723 1962 mundus,
742 1883 773 1944 in
798 1880 922 1946 Christo
944 1901 1034 1944 meas
1060 1880 1163 1944 Saluta
1183 1903 1248 1945 rna-

224 1987 302 2034 trem
314 1970 470 2050 Albinam,
480 1970 675 2054 sororemque
690 1969 885 2049 Marcellam,
897 1968 1114 2034 Mareellinam
1125 1993 1248 2056 quoque

223 2057 253 2122 δι
264 2057 396 2122 ίιηὲὶιω
404 2057 431 2121 F
432 2059 645 2122 elicitatem.....
658 2059 822 2124 Memento
831 2058 1249 2141 mei,exemplumpudicitiae

222 2144 444 2230 &virginitatis
454 2145 577 2228 insigne,
586 2145 752 2230 dubiusque
763 2148 855 2210 maris
866 2149 925 2210 tuis
939 2146 1079 2229 precibus
1091 2147 1247 2232 mitiga...»

295 2265 330 2328 [S.
345 2264 524 2334 Hieronymus,
535 2263 636 2332 lipiysala
646 2266 715 2328 ΚΝ,
722 2266 760 2316 ad
770 2263 879 2330 Asellam
892 2263 1008 2332 (Migm,
1021 2263 1088 2314 Patr.
1099 2262 1153 2328 sat„
1165 2267 1249 2329 xxn,

223 2359 245 2394 c.
261 2345 412 2408 482·484);
433 2341 464 2394 cs.
484 2342 652 2408 studeamus,
672 2345 712 2396 Da
733 2343 863 2412 triumphis
883 2343 973 2414 Christi
983 2343 1009 2396 ia
1026 2343 1088 2408 rat,
1107 2343 1124 2396 l.
1137 2344 1183 2408 ΠΙ,
1197 2359 1220 2395 c.
1234 2360 1248 2405 7

224 2421 312 2490 (raia,
324 2423 455 2486 CXXXV,
469 2439 507 2474 cc.
523 2423 675 2490 517·519).]

267 2567 278 2598 e
298 2541 353 2604 Vis
368 2537 450 2601 nolle
465 2540 661 2624 prosefiionis
677 2563 752 2604 meae
767 2541 805 2604 de
822 2542 908 2605 Urbe
923 2543 1082 2606 ordinem?
1106 2542 1248 2605 Narrabo

224 2629 364 2692 breviter.
379 2625 489 2690 Mense
509 2630 644 2712 augusto,
664 2629 806 2694 flantibus
820 2631 926 2710 etesiis,
950 2654 1021 2694 cum
1047 2631 1147 2694 fanfio
1172 2631 1250 2693 Vin-

225 2719 327 2780 centio
342 2716 517 2800 presbytero
532 2715 562 2778 &
577 2716 766 2780 adolescente
781 2719 870 2780 fratre
885 2720 914 2782 dr
929 2718 993 2783 aliis
1013 2719 1181 2798 monachis,
1197 2719 1248 2802 qui

225 2826 307 2868 nunc
332 2805 505 2954 Iezpolymae
529 2821 769 2883 commorantur,
799 2807 902 2869 navim
934 2809 964 2870 in
990 2807 1132 2870 Romano
1158 2821 1249 2891 portu

226 2895 343 2956 securus
396 2893 496 2972 cendi,
526 2894 658 2954 maxima
683 2915 732 2956 me
757 2893 928 2957 sandiorum
959 2895 1126 2979 frequentia
1150 2893 1250 2976 prose-

225 2998 347 3067 quente.
382 2982 460 3043 Veni
487 2981 637 3066 Rhegium,
665 2983 695 3044 in
723 2983 834 3066 Scyllaeo
864 2984 967 3046 littore
992 2982 1148 3066 paululum
1175 2982 1252 3060 steti,

225 3071 277 3134 ubi
292 3086 406 3134 veteres
421 3071 513 3132 didici
528 3069 643 3134 fabulas
658 3070 687 3132 dt
703 3071 889 3154 praecipitem
912 3071 1035 3156 pellacis
1051 3070 1159 3156 Ulyffis
1181 3092 1250 3132 cur-

225 3158 299 3236 sum,
320 3158 537 3222 &Sirenarum
552 3159 680 3239 cantica,
704 3159 733 3222 bt
755 3159 953 3222 insatiabilem
968 3159 1140 3242 Charybdis
1162 3180 1249 3221 vora·

225 3251 337 3333 ginem.
363 3245 535 3334 Quumque
557 3247 630 3309 mihi
653 3245 766 3309 accolae
788 3245 867 3310 illius
889 3247 948 3309 loci
972 3246 1067 3309 multa
1087 3263 1251 3324 narrarent,

223 3337 393 3419 darentque
423 3333 594 3414 consilium,
624 3352 657 3397 ut
680 3356 743 3398 non
775 3337 810 3396 ad
833 3336 928 3398 Protei
954 3336 1108 3414 columnas,
1139 3335 1186 3398 sed
1214 3336 1249 3396 ad

227 3427 303 3490 Imae
321 3439 433 3510 portum
458 3425 640 3508 navigarem,
665 3425 746 3488 hunc
767 3425 848 3486 enim
871 3425 1053 3507 fugientium
1068 3423 1098 3485 dt
1113 3423 1249 3485 turbato-

225 3535 303 3594 rum,
329 3513 415 3576 illum
434 3512 528 3574 securi
542 3513 675 3576 hominis
697 3509 754 3574 elle
768 3511 897 3590 cursum,
928 3513 1021 3574 malui
1051 3533 1104 3593 per
1129 3509 1251 3574 Maleas

226 3603 405 3686 &Cycladas
419 3601 542 3686 Cyprum
557 3622 688 3684 pergere.
712 3601 773 3664 Ubi
789 3599 939 3682 susceptus
954 3622 972 3662 a
986 3599 1149 3663 venerabili
1175 3598 1250 3681 epis·

227 3713 306 3774 copo
316 3689 502 3774 Epiphanio,
512 3691 599 3753 cuius
607 3705 639 3752 tu
651 3689 824 3752 testimonio
835 3689 982 3772 gloriaris,
991 3689 1060 3750 veni
1071 3685 1252 3767 Antiochiam,

227 3783 278 3846 ubi
289 3781 397 3843 fruitus
409 3779 472 3841 sum
483 3781 702 3841 communione
715 3776 866 3859 pontificis
877 3775 1111 3860 confessorisque
1124 3773 1251 3854 Paulini,

226 3869 419 3937 &deductus
433 3868 471 3930 ab
488 3889 526 3930 eo
541 3867 642 3929 media
655 3865 799 3930 hieme&
817 3866 926 3948 frigore
946 3865 1125 3948 gravissimo,
1142 3865 1249 3927 intravi

228 3961 429 4051 lerosolymam.
454 3957 526 4020 Vidi
542 3955 639 4018 multa
652 3953 808 4032 miracula,
833 3955 945 4036 &qua
961 3955 1041 4036 prius
1056 3954 1092 4015 ad
1108 3974 1157 4015 me
1173 3953 1252 4014 sarna

227 4048 401 4138 pertulerat,
427 4043 588 4110 oculorum
613 4044 728 4106 iudicio
761 4043 969 4125 comprobavi.
1002 4040 1078 4104 lnde
1105 4041 1249 4103 contendi

227 4143 383 4224 AEgyptuot,
403 4134 524 4198 lustravi
555 4132 734 4196 monasteria
764 4132 885 4208 Nitriae,
915 4129 945 4193 ἃ
977 4132 1054 4194 inter
1082 4129 1250 4217 sanblprum

226 4231 339 4294 choros
353 4223 468 4307 aspides
483 4221 577 4286 latere
592 4220 738 4304 perspexi.
764 4219 906 4284 Protinus
920 4219 1044 4282 concito
1057 4219 1150 4300 gradu
1166 4217 1251 4280 Betb·

228 4320 294 4383 lemn
308 4335 408 4380 meam
429 4311 562 4376 reversus
576 4309 650 4390 sum,
671 4310 720 4374 ubi
740 4309 864 4374 adoravi
880 4306 1054 4394 praesepe&
1069 4304 1252 4370 incunabula
