3396 5708
655 560 763 666 (417)
1148 585 1212 671 ¹35

188 819 320 866 matrem
331 803 436 868 eius&
447 803 540 886 ipsam
552 804 711 887 inspiciens
723 805 966 869 tenuit&statuit
976 827 1048 868 cum
1059 807 1216 872 ambobus.

187 891 232 956 Et
255 894 413 975 postquam
433 894 544 976 egressa
564 893 606 956 est
632 894 728 974 turba,
752 895 834 976 cepit
849 895 1032 958 beatiffimus
1053 895 1155 956 dicere
1173 898 1216 960 eis

188 999 317 1065 quantas
342 982 553 1048 tribulationes
575 983 762 1067 pertulissent
786 984 815 1047 δι
837 983 968 1046 docebat
986 1003 1039 1045 eos
1060 999 1216 1066 tamquam

190 1071 330 1153 proprios
341 1069 422 1135 lilios
437 1070 505 1135 suos
519 1073 640 1134 dicens:
658 1098 669 1130 ι
684 1072 793 1136 Nolite
808 1071 938 1134 deficere
952 1072 1023 1155 quia
1038 1069 1105 1135 sinis
1120 1072 1217 1134 tribu·

189 1185 204 1216 e
222 1160 344 1226 lationis
370 1162 488 1245 perficit
508 1164 668 1246 gaudium:
684 1184 747 1225 non
761 1162 827 1225 sunt
841 1163 924 1224 enim
942 1159 1095 1242 condigne
1111 1160 1217 1243 pallio-

190 1272 203 1305 ι
220 1271 275 1313 nes
290 1251 379 1314 huius
394 1253 542 1334 temporis
556 1252 593 1314 ad
612 1253 745 1314 futuram
759 1251 889 1334 gloriam
913 1270 973 1333 que
989 1248 1171 1311 revelabitur
1184 1251 1216 1312 in

190 1362 204 1395 ‹
221 1339 311 1402 nobis
326 1363 349 1401 s.
367 1339 463 1404 Tunc
479 1340 590 1423 itaque,
611 1339 659 1402 vel
675 1361 785 1423 magno
802 1360 895 1419 opere
910 1337 1132 1401 benedictionis
1148 1359 1215 1420 per-

188 1427 271 1508 cepti
286 1427 323 1490 ab
338 1449 376 1490 eo
391 1426 420 1489 &
441 1428 535 1490 nimia
549 1426 756 1490 consolatione
771 1427 908 1504 recreati,
922 1441 1075 1488 narrantes
1090 1426 1217 1488 virtutes

190 1515 265 1591 eius,
287 1517 429 1598 navigant
452 1516 671 1601 lherosolimam,
698 1515 728 1578 δι
751 1513 868 1598 ingressi
892 1513 1021 1576 adorant
1041 1511 1217 1576 Dominum

192 1623 245 1684 pet
259 1602 327 1665 loca
339 1603 446 1668 foeta.
459 1603 582 1668 Deinde
593 1604 781 1685 hospitantur
793 1603 824 1665 in
837 1602 936 1664 sanbla
948 1598 1092 1680 Anastast,
1103 1602 1217 1664 haben·
1257 1672 1259 1676 ,

191 1706 236 1754 tes
249 1692 349 1753 adhuc
365 1693 491 1775 quidem
505 1713 629 1774 parvam
646 1693 807 1774 pecuniam
822 1691 886 1752 auri
901 1711 993 1773 quam
1007 1690 1218 1771 expenderunt

191 1801 246 1861 per
261 1799 369 1844 manus
383 1801 492 1843 eorum
507 1781 558 1862 qui
574 1777 697 1862 repositi
711 1795 797 1843 erant
810 1780 896 1861 super
910 1799 1069 1861 pauperes,
1078 1777 1218 1842 nolentes

190 1869 287 1950 perse
303 1867 381 1950 ipsos
400 1867 568 1951 dispensare
582 1889 620 1930 ne
635 1868 748 1951 aliquid
765 1869 837 1930 boni
850 1863 950 1929 fecisse
967 1866 1151 1929 viderentur.
1171 1865 1218 1928 lta

190 1953 307 2038 semper
329 1957 535 2020 humilitatem
556 1955 783 2031 custodiebant3
804 1953 949 2016 asserebat
963 1953 1095 2036 denique
1110 1954 1217 2018 beatis-

190 2040 262 2106 stma
274 2044 357 2128 quod
369 2066 408 2107 eo
419 2060 493 2106 voto
505 2044 534 2107 ἃ
546 2041 691 2107 desiderio
703 2044 816 2105 ibidem
827 2040 1012 2105 advenissent
1023 2057 1066 2119 ut,
1075 2041 1218 2104 omnibus

191 2132 222 2194 in
243 2132 366 2196 Christo
388 2132 569 2214 dispensatis,
588 2134 618 2195 in
640 2129 820 2194 eclesiastico
842 2131 933 2193 brebe
959 2129 1131 2212 conscripti,
1156 2128 1218 2191 ele-

190 2217 338 2282 mosinam
352 2221 431 2283 inter
446 2236 566 2284 ceteros
582 2242 730 2303 pauperes
744 2220 1008 2304 consequerentur.
1023 2215 1131 2301 Itaque
1146 2237 1217 2279 cum

189 2307 302 2370 nimius
322 2309 412 2370 ardor
435 2307 505 2370 fidei
529 2309 594 2372 eius
618 2308 647 2371 δι
672 2307 850 2370 abstinentia
874 2320 1077 2390 permaneret,
1103 2304 1217 2367 fassum

6 2403 174 2463 unbem-1
189 2393 232 2458 est
256 2393 404 2458 infirmari
428 2418 496 2458 eam
521 2395 551 2458 ἃ
573 2413 696 2479 propter
713 2395 926 2457 volumtariam
950 2408 1159 2477 paupertatem
1187 2391 1218 2455 &

189 2483 317 2546 multam
346 2483 538 2548 tolerantiam
566 2485 640 2548 nicil
668 2484 748 2547 aliud
780 2504 925 2565 umquam
954 2499 1055 2564 preter
1082 2481 1218 2544 cilicium

190 2587 335 2634 uteretur.
357 2573 501 2655 Cumque
524 2572 610 2635 multi
633 2571 786 2634 servorum
802 2570 863 2634 Dei
878 2571 1075 2653 &virginum
1097 2569 1134 2632 ad
1149 2566 1218 2631 vist-

191 2660 317 2722 tandum
341 2660 538 2722 beatissimam
566 2660 764 2723 desiderantes
784 2663 934 2738 venirent,
961 2661 1046 2742 virgo
1075 2658 1217 2740 quedam,

189 2746 344 2811 sandlitate
366 2747 395 2810 δι
413 2749 476 2810 vita
489 2747 518 2810 &
533 2749 669 2811 moribus
683 2747 771 2810 valde
785 2746 889 2828 libera,
906 2769 978 2810 cum
1001 2767 1110 2828 magna
1125 2765 1218 2806 vene-

187 2837 305 2899 ratione
326 2837 455 2918 capitale
470 2835 630 2919 pulvillum
649 2839 699 2898 vix
715 2837 816 2918 potuit
830 2837 992 2919 impetrare
1014 2851 1049 2897 ut
1070 2832 1217 2915 suscipere

189 2927 364 3008 dignaretur
379 2923 408 2986 &
430 2924 481 2986 sub
496 2924 547 2986 suo
569 2925 668 3006 capite
684 2945 809 3007 ponere,
823 2946 915 3009 quem
929 2923 1094 2988 beatissima
1107 2941 1217 3002 accep-

189 3028 255 3076 tum
270 3032 327 3095 pro
342 3033 452 3095 magna
467 3012 681 3075 benedietione
702 3013 732 3076 δι
752 3033 815 3074 non
838 3029 964 3096 propter
985 3011 1107 3074 delicias
1129 3009 1217 3070 hute-

188 3099 287 3163 batur.

231 3211 245 3250 ‹
272 3186 472 3251 Permanebat
487 3188 578 3272 igitur
595 3188 762 3252 beatissima
782 3209 854 3249 cum
875 3186 974 3250 sandia
998 3202 1094 3250 matre
1114 3183 1215 3246 suain

189 3276 290 3340 sandia
310 3275 586 3340 Resurredlione&
609 3275 719 3339 secrete
740 3274 870 3340 residens
896 3275 1031 3359 opusque
1056 3274 1142 3336 suum
1165 3293 1218 3355 per

189 3360 322 3445 singulos
350 3362 414 3426 dies
440 3361 653 3428 consummans
680 3363 710 3426 δι
734 3363 858 3426 ledlioni
887 3384 1008 3441 vacans,
1035 3360 1216 3423 memoriam

190 3452 416 3534 Scripturarum
432 3452 604 3514 divinarum
618 3452 670 3514 suo
687 3451 803 3534 pedlori
819 3452 1015 3530 recondebat,
1026 3448 1102 3511 nulli
1115 3448 1216 3530 passim

190 3560 349 3622 apparens,
363 3561 421 3602 nec
434 3541 498 3604 cito
510 3542 679 3623 procedens
690 3538 744 3603 nist
760 3540 836 3603 forte
847 3561 943 3622 quum
958 3539 1059 3622 magni
1071 3537 1173 3600 &vita
1187 3536 1217 3599 δι

189 3626 344 3690 sanentate
368 3627 498 3710 preclari
519 3628 650 3712 episcopi
675 3628 723 3691 vel
744 3627 835 3690 sanbli
856 3644 957 3710 patres
978 3627 1125 3702 venirent,
1139 3645 1216 3706 quos

189 3717 398 3778 maximenon
414 3719 455 3780 ob
476 3717 567 3780 aliam
581 3716 699 3781 causam
719 3716 761 3779 set
782 3731 908 3799 propter
928 3715 1086 3778 salutarem
1102 3713 1217 3775 (1οᾶῐί-

189 3826 260 3868 nam
282 3805 311 3868 δι
337 3806 508 3869 divinarum
528 3806 756 3888 scripturarum
776 3803 887 3867 secreta
906 3802 1036 3866 misteria
1060 3801 1216 3885 requirens

189 3891 374 3976 suscipiebat.
388 3894 581 3958 Occurrebat
590 3895 682 3957 etiam
693 3915 765 3955 cum
779 3889 950 3954 honorifico
966 3889 1058 3953 &suo
1074 3888 1127 3951 illo
1142 3910 1217 3951 con·

190 3982 273 4046 sueto
288 3982 317 4045 ἃ
332 3983 505 4046 verecundo
521 3981 647 4046 salutato
667 3981 696 4044 δι
715 3979 879 4064 provoluta
890 3979 1017 4061 pedibus
1037 3997 1146 4042 eorum
1162 3999 1216 4039 ex-

191 4069 331 4150 poscebat
352 4071 608 4134 benedidsionem.
631 4069 756 4155 Quibus
775 4067 904 4152 egressis,
921 4066 982 4150 ipsa
1005 4067 1035 4128 in
1053 4066 1104 4127 suo
1123 4086 1217 4146 opere

190 4158 352 4241 Scriptura
365 4161 394 4221 in
406 4160 521 4221 ieiunio
533 4159 736 4241 permanebat.
749 4156 935 4239 Vespertinis
950 4175 1021 4217 vero
1036 4154 1120 4217 horis
1135 4152 1217 4234 poll-

190 4267 283 4330 quam
301 4245 388 4309 locus
407 4245 506 4308 sand'te
525 4245 768 4308 Resurreslionis
786 4266 804 4308 a
823 4243 999 4306 custodibus
1012 4240 1217 4316 claudebatur,

6 4335 96 4402 iusi,
107 4340 179 4390 ωλι
192 4334 335 4398 omatibus
353 4334 410 4395 rite
431 4335 572 4415 receptis,
584 4335 641 4398 hec
663 4331 836 4410 beatissima,
854 4330 1010 4414 egrediens
1024 4329 1062 4392 de
1076 4325 1153 4392 cella
1167 4324 1217 4387 sua
