3296 5700
419 573 469 626 DE
495 572 600 626 Locls
624 571 790 624 sancus.

386 899 499 971 XVlll.
526 905 577 970 ‘De
591 907 648 994 fita
666 900 824 991 Damasci.

130 1041 319 1112 Damascus
350 1041 384 1110 in
414 1063 535 1137 campo
565 1037 623 1110 stra
647 1038 715 1109 lato
744 1039 779 1108 ἃ
808 1036 921 1132 amplo
955 1062 1123 1107 murorum

76 1145 216 1218 ambitu
234 1149 269 1218 ἃ
283 1143 400 1218 crebris
413 1147 540 1216 munita
558 1142 708 1235 turribus,
726 1168 826 1239 quam
844 1168 967 1240 magna
984 1169 1123 1238 quatuor

78 1252 227 1327 flumina
251 1251 452 1326 interfluunt:
470 1250 537 1344 ubi,
555 1251 635 1324 dum
652 1251 826 1323 Christiani
844 1253 952 1323 Sandli
973 1251 1122 1322 lobannis

77 1361 228 1458 Baptiste
252 1358 419 1433 ecclefiam
445 1361 668 1455 frequentant,
691 1360 943 1430 Sarracenorum
967 1384 1022 1429 rex
1046 1384 1122 1430 cum

78 1468 138 1538 sua
166 1491 270 1566 gente
295 1467 394 1567 aliam
419 1467 553 1538 instituit
580 1491 678 1562 atque
703 1467 847 1538 sacravit.
872 1467 1009 1538 Plurima
1033 1489 1121 1536 extra

79 1600 201 1646 muros
212 1575 248 1646 in
263 1599 346 1672 gyro
359 1574 488 1647 oliveta
503 1576 536 1643 Α
551 1571 664 1645 Tabor
677 1573 778 1669 usque
787 1574 987 1645 Damascum
999 1573 1122 1670 septem

80 1679 217 1754 dierum
233 1683 302 1754 iter.

132 1893 222 1968 XlX
241 1898 291 1965 De
298 1903 361 1991 fitu
373 1895 573 1980 oslexmdrt'e,
592 1896 629 1962 de
645 1895 775 1990 ecclefia,
796 1901 900 1988 inqua
916 1897 1074 1990 requiescit

309 2004 450 2071 Marcus
467 2002 671 2096 Evangelista,
690 2001 721 2071 ὂ
738 2005 775 2070 de
791 2004 902 2096 «Nilo.

133 2168 337 2242 Alexandria
353 2166 396 2240 ab
414 2169 532 2240 occasu
548 2169 583 2238 in
601 2191 710 2238 ortum
727 2169 801 2240 solis
817 2169 932 2267 longa,
951 2167 992 2240 ab
1015 2170 1121 2241 austro

84 2275 279 2347 osliis⁶Nili
304 2277 455 2374 cingitur,
483 2273 525 2346 ab
555 2275 711 2371 aquilone
741 2277 822 2348 mari
851 2274 1003 2374 Egypto,⁶
1033 2277 1123 2346 cuius

85 2407 202 2478 portus
229 2385 343 2456 ceteris
370 2380 545 2474 difficilior,
570 2379 657 2478 quast
674 2381 717 2453 ad
738 2382 881 2454 sormam
898 2382 1034 2454 humani
1051 2409 1123 2454 cor-

85 2493 188 2585 poris,
219 2493 253 2562 in
278 2492 385 2587 capite
405 2493 441 2561 δι
463 2489 599 2562 statione
621 2491 784 2587 capacior,
806 2491 839 2560 in
860 2488 1028 2562 saucibus‘
1044 2518 1122 2563 vero

87 2595 294 2694 angustior,¹¹
304 2623 372 2693 quo
397 2619 523 2668 meatu‘
540 2623 630 2668 mare
652 2621 691 2667 ac
717 2623 815 2668 naves
841 2597 979 2694 suscipit,
1003 2595 1120 2695 quibus

88 2701 236 2798 quedam
269 2700 413 2800 spirandi
445 2699 581 2774 subfidia
609 2703 719 2800 portui
747 2701 1038 2776 subministrantur:
1068 2703 1124 2776 ubi

87 2812 158 2906 quis
184 2811 349 2908 angustias
366 2835 464 2906 atque
481 2836 539 2882 ora
553 2834 667 2907 portus
694 2811 839 2901 evaserit,
863 2834 1035 2908 tamquam
1051 2812 1122 2884 reli·

87 2942 150 3012 qua
180 2918 331 3014 corporis
360 2917 478 3006 forma,
507 2919 552 2988 ita
582 2913 708 2986 dissufio
737 2919 832 2988 maris
862 2918 964 3017 longe
991 2918 1122 3015 lateque

95 3020 290 3095 extenditur.
305 3026 339 3093 ln
348 3021 493 3094 eiusdem
505 3021 618 3093 dextra
629 3047 741 3118 porms
754 3048 854 3120 parva
862 3024 965 3095 insula
976 3022 1123 3118 habetur,

91 3129 121 3200 in
148 3155 219 3226 qua
237 3135 369 3217 Plutus,
388 3127 423 3198 id
441 3129 485 3200 est
501 3131 593 3200 turris
614 3128 658 3200 est
681 3133 834 3221 maxima,
857 3137 1021 3205 noslurno
1043 3156 1124 3202 tem·

92 3262 172 3334 pore
202 3234 442 3308 flammarums
448 3234 572 3308 facibus
603 3234 731 3328 ardens,
760 3267 801 3311 ne
827 3239 957 3339 decepti
983 3236 1123 3311 tenebris

92 3367 187 3414 naute
206 3343 238 3416 in
256 3342 409 3442 scopulos
426 3344 638 3440 impingant!
659 3345 693 3413 &
712 3342 857 3417 vestibuli
868 3347 1007 3418 limitem
1032 3372 1123 3418 com-

91 3449 290 3544 prehendere
314 3475 490 3545 nequeant,
515 3449 615 3546 quia*
635 3451 703 3549 ipse
728 3453 854 3550 semper
878 3454 1042 3550 inquietus
1070 3454 1124 3543 ess,

93 3551 240 3630 sluc‘libus
262 3553 406 3653 semper‘
422 3555 660 3629 collidentibus.
680 3559 790 3632 Portus
811 3587 891 3634 vero
909 3563 1036 3659 semper
1056 3561 1125 3660 pla·

94 3661 193 3753 cidus,
213 3663 466 3762 amplitudinem
482 3661 604 3735 habens
623 3666 754 3764 triginta
770 3667 956 3740 stadiorum.

140 3773 170 3840 Α
187 3797 280 3868 parte
292 3771 408 3870 Egypti
426 3767 540 3842 urbem
556 3769 748 3844 intrantibus
765 3772 809 3845 ad
822 3772 968 3848 dextram
985 3777 1126 3846 occurrit

93 3875 276 3970 ecclesiam
290 3904 355 3974 qua
366 3875 478 3950 beatus
487 3876 683 3975 Evangelista
692 3881 831 3952 Morcus
841 3881 1021 3978 requiescit:
1034 3883 1124 3953 cuius

126 4113 149 4148 a.
173 4100 215 4151 Pb.
238 4097 346 4151 flumine.
370 4127 406 4138 -
427 4098 452 4150 b.
464 4095 503 4150 St'c
520 4113 574 4166 θεας
637 4101 704 4171 quia
724 4121 792 4155 -e.
807 4102 1001 4171 Pa.&1'c.;al.
1017 4113 1123 4155 meatus.

96 4175 132 4226 Pb·
155 4177 212 4231 lacu
228 4177 376 4247 Mandoni,
402 4175 435 4229 al.
460 4178 494 4228 ab
520 4175 576 4228 lacu
638 4171 1124 4244 -st.flammarumdeeJl-g.Al.

97 4255 243 4310 Mareotico.
267 4286 303 4296 -
323 4275 345 4310 c.
368 4256 435 4325 Mffi,
456 4258 495 4309 ed.
508 4255 577 4324 Bas,
639 4254 758 4308 incidant.
776 4284 812 4294 -
828 4253 852 4305 h.
878 4254 928 4322 Ph,
945 4253 980 4307 al.
1001 4253 1124 4323 quiet.-

99 4334 153 4403 Col,
176 4336 272 4406 Gnffl,
291 4335 416 4390 fluetibus.
436 4365 472 4376 -
487 4336 513 4388 d.
536 4336 577 4388 Pb.
641 4333 714 4406 tit,
728 4334 763 4388 al.
776 4331 910 4388 hincinde.
