3434 5704
648 570 752 666 (373)

282 803 366 868 Nam
380 802 478 866 crucis
491 823 509 866 e
524 800 608 885 ligno
623 823 769 884 magnum
784 803 885 866 brevis
899 801 992 866 astula
1008 803 1128 887 pignus,

320 891 468 972 Totaque
483 891 514 952 in
528 891 640 972 exiguo
654 890 788 972 segmine
802 892 847 954 vis
862 893 962 954 crucis
977 889 1028 953 est.

283 981 354 1044 Hoc
369 978 489 1043 Melani
504 977 611 1041 sandlae
626 978 760 1041 delatum
780 999 905 1041 munere
921 977 1048 1059 Nolam,

322 1067 482 1131 Summum
496 1065 699 1155 Hierosolymae
713 1069 797 1130 venit
810 1069 848 1129 ab
864 1067 939 1130 urbe
953 1067 1080 1148 bonum,

283 1155 392 1222 saneta
406 1153 480 1219 Deo
493 1156 651 1238 geminum
666 1155 768 1218 velant
782 1155 887 1218 altaria
900 1156 1060 1236 honorem,

323 1246 406 1310 Cum
421 1264 511 1306 cruce
524 1242 708 1326 apostolicos
723 1267 790 1328 quae
804 1243 919 1307 sociant
932 1245 1060 1308 cineres.

284 1333 391 1421 Quam
406 1335 483 1396 bene
498 1334 665 1418 iunguntur
679 1333 764 1417 ligno
779 1334 877 1396 crucis
892 1331 954 1396 olla
969 1333 1099 1416 piorum.

325 1422 384 1486 Pro
398 1443 490 1486 cruce
505 1437 539 1484 ut
553 1419 659 1485 occisis
674 1423 704 1484 in
719 1443 812 1485 eruco
825 1419 860 1485 stt
874 1424 1006 1506 requies.
1028 1448 1040 1480 ›

262 1578 298 1642 [S.
312 1575 430 1628 Paulinus
439 1575 508 1640 Nol,
520 1574 621 1643 Epistola
634 1577 746 1638 xxxrl,
766 1578 803 1627 ad
814 1579 936 1628 Severum
949 1575 1067 1646 (Migne,
1085 1578 1154 1630 Pau.
1165 1576 1222 1643 lan,

191 1658 262 1720 Lan,
277 1673 300 1708 c.
319 1656 396 1724 336);
416 1654 447 1706 cf.
462 1655 562 1724 Epistola
574 1656 656 1720 XLV,
664 1657 702 1707 ad
714 1656 871 1724 Augustinum
885 1654 969 1725 (ibid,
981 1675 1002 1710 c.
1019 1657 1100 1726 391).]

234 1835 247 1868 ι
266 1807 406 1874 Melania
425 1829 497 1871 vero
521 1825 660 1871 matrona
674 1809 786 1872 nobilis
800 1809 831 1872 δι
852 1808 953 1872 incola
978 1809 1059 1872 urbis
1075 1809 1224 1872 Romanae

191 1896 419 1987 Hierosolymam
453 1897 493 1958 ob
522 1897 719 1959 devotionem
751 1896 838 1976 abiit,
872 1897 1003 1960 Urbano
1036 1895 1101 1959 filio
1124 1895 1225 1960 Roma

192 1985 310 2048 relidlo.
327 1984 410 2072 Quae
426 1986 466 2047 ita
481 1985 555 2048 &in
576 1985 687 2048 cundia
703 1986 840 2048 bonitate
855 2006 890 2047 ac
910 1984 1066 2049 sanctitate
1082 1984 1226 2048 omnibus

193 2075 331 2159 praebuit,
345 2091 379 2136 ut
392 2074 515 2136 Thecla
528 2089 690 2137 vocaretur
704 2074 741 2136 ab
757 2076 909 2138 omnibus.
928 2099 940 2130 ²

264 2214 414 2287 [Gregorius
424 2218 586 2284 Turonmsn,
597 2217 655 2286 ffist.
666 2219 767 2284 Franc,
779 2219 795 2270 Ι.
809 2219 826 2284 l,
840 2235 863 2270 c.
871 2217 1083 2284 36(ed.Bordier,
1092 2219 1113 2282 1,
1123 2237 1146 2288 p.
1159 2218 1223 2287 37).]

237 2399 250 2431 ‹
268 2372 378 2436 Sandla
391 2393 516 2456 quoque
532 2372 671 2435 Melania
686 2373 743 2436 firit
758 2373 869 2436 mulier
884 2374 989 2436 urbica
1020 2419 1224 2436 .....

195 2547 265 2612 Post
288 2549 354 2612 haec
385 2569 457 2611 cum
480 2548 664 2612 Menandriae
692 2549 851 2631 praefectus
874 2549 1048 2634 Augustalis
1070 2545 1228 2625 lsrdorum,

197 2635 419 2720 Paphnucium,
441 2636 557 2700 Pambo
578 2637 833 2716 &Ammonium‚
848 2638 878 2701 dt
892 2639 1057 2703 duodecim
1068 2635 1228 2720 episcopos

197 2724 226 2789 dt
234 2725 434 2810 presbyteros,
448 2725 477 2788 δι
492 2724 567 2788 alios
581 2724 726 2808 quosdam
739 2725 831 2810 usque
842 2727 878 2789 ad
890 2725 1052 2790 centum&
1063 2723 1228 2789 duodecim

196 2836 326 2877 numero
348 2815 428 2876 circa
451 2813 634 2892 Palaestinam
657 2813 686 2876 dc
707 2813 924 2902 Diocaesnream
941 2811 1106 2879 damnasset
1120 2811 1229 2892 exilio,

196 2904 262 2965 haec
273 2901 342 2966 illos
351 2901 461 2982 secuta,
481 2902 682 2964 ministerium
695 2902 830 2968 suumeis
843 2926 880 2966 ex
893 2904 1024 2987 propriis
1036 2901 1228 2966 facultatibus

198 2993 303 3055 tribuit
310 3019 320 3068 3
344 2990 498 3054 &cuma
521 2990 695 3054 custodibus
721 2991 934 3074 prohiberetur
957 2992 1016 3054 hoc
1032 2992 1141 3069 facere,
1156 3005 1229 3064 tunc

198 3080 258 3160 illa,
272 3079 352 3142 veste
364 3078 473 3162 puerili
486 3079 613 3162 sumpta,
627 3081 709 3142 circa
720 3080 900 3164 vespertinas
913 3080 1002 3143 horas
1018 3081 1171 3142 deferebat
1186 3080 1229 3142 eis

197 3170 302 3231 omnia
325 3172 395 3232 vitae
419 3164 590 3230 necelsaria.
620 3167 698 3252 Quo
713 3171 849 3252 cognito,
878 3169 1039 3256 Palaeslinae
1066 3165 1229 3231 consularis

197 3275 307 3342 putans
322 3258 404 3340 quod
422 3274 535 3319 terrore
555 3257 689 3340 quodam
704 3280 741 3319 ex
756 3259 821 3322 eius
837 3259 967 3341 pecunia
985 3257 1064 3320 finus
1080 3257 1148 3319 suos
1171 3257 1229 3317 im-

198 3347 280 3430 plere
293 3343 398 3430 pollet,
412 3345 488 3408 iuffit
499 3367 567 3408 eam
578 3347 691 3428 corripi
703 3333 732 3408 bi
745 3347 774 3410 in
786 3367 941 3410 carcerem
954 3346 1045 3411 trudi.
1061 3345 1146 3430 Quae
1157 3360 1229 3410 tunc

197 3437 225 3499 ei
241 3457 295 3520 per
310 3435 519 3498 internuncios
535 3433 574 3496 src
589 3438 745 3500 mandavit
776 3477 1230 3500 ..........

199 3525 324 3614 Quibus
356 3524 392 3586 ab
412 3523 505 3585 exilio
525 3524 685 3604 revocatis,
707 3524 924 3587 monasterium
947 3547 1043 3608 prope
1065 3523 1231 3613 Hierosoly·

197 3639 273 3678 mam
287 3611 340 3676 fibi
353 3613 434 3692 fecit,
449 3615 480 3674 in
496 3633 558 3696 quo
572 3614 653 3698 xxvij
671 3635 821 3676 annorum
837 3630 957 3697 tempus
973 3612 1121 3697 implevit,
1140 3613 1230 3698 quin-

198 3704 343 3787 quaginta
366 3701 481 3764 sorores
506 3701 639 3785 virgines
663 3702 763 3766 secum
788 3702 911 3766 habens.
937 3700 1012 3764 Erat
1041 3703 1133 3765 etiam
1160 3722 1232 3764 cunr

197 3813 234 3856 ea
248 3790 388 3869 Rufinus,
413 3791 488 3853 civis
507 3788 643 3869 Italicus,
666 3813 704 3852 ex
727 3791 842 3874 oppido
864 3791 1014 3873 Aquileia,
1036 3791 1081 3852 vir
1107 3789 1232 3873 sapiens,

197 3880 349 3944 nobilium
361 3880 549 3962 fortiumque
564 3899 695 3958 morum,
709 3881 760 3965 qui
777 3879 806 3942 δι
821 3881 858 3943 ad
876 3879 1116 3964 presbyteratum
1130 3877 1234 3962 postea

199 3970 310 4032 meruit
325 3968 492 4050 pervenire.
507 3964 603 4048 lgitur
613 3967 644 4029 in
658 3969 740 4052 xxvij
751 3969 839 4031 annis
854 3989 962 4030 omnes
976 3967 1056 4050 apud
1068 3965 1234 4055 Hierosoly-

199 4082 274 4121 mam
296 4057 414 4120 sanctos
435 4055 662 4138 &peregrinos
685 4056 854 4140 episcopos,
876 4055 1044 4118 monachos
1059 4056 1087 4117 δι
1102 4055 1234 4136 virgines

199 4148 270 4222 (hoc
280 4147 364 4210 enim
373 4143 445 4208 Deo
454 4145 610 4224 voverant)
620 4143 767 4227 suscipere
776 4144 1082 4229 propriissumptibus
1091 4164 1126 4205 ac
1135 4143 1236 4205 fovere

199 4235 433 4302 consueverunt.
453 4231 510 4296 Sed
526 4231 556 4296 bt
571 4253 644 4296 cccc
659 4235 838 4312 monachos,
853 4235 906 4318 qui
921 4233 949 4296 se
965 4249 1091 4314 propter
1106 4229 1235 4294 Paulum

200 4327 237 4389 ab
255 4322 382 4388 ecclesia
406 4321 590 4406 separabant,
615 4321 714 4386 rursus
739 4319 873 4386 ecclefiae
898 4322 1008 4386 sandiae
1028 4320 1238 4397 reddiderunt,
