3434 5704
665 544 770 646 (326)
1098 571 1245 700 *p

219 779 314 842 etiam
330 780 549 863 discipulorum
561 779 636 846 fides
649 783 766 846 turbata
780 799 949 862 nutaverat,
964 782 1137 848 Dominum
1151 799 1252 848 tamen

219 867 398 948 maiestatis,
413 886 446 933 ut
459 887 532 947 erat,
547 869 695 935 confessus
710 869 753 933 est
766 871 818 946 3&
834 888 940 954 petens
954 873 985 934 in
1001 893 1094 956 regno
1111 873 1172 936 Dei
1188 896 1254 936 me·

219 959 348 1020 moriam
371 959 413 1021 sui
438 957 515 1038 fieri,
537 958 710 1041 ingloriam
727 960 950 1026 resurredlionis
965 977 1034 1024 ante
1050 961 1142 1044 ipsam
1156 961 1252 1025 resur-

219 1046 388 1110 redtionem
411 1047 556 1110 credidit:
587 1068 680 1131 quam
702 1048 839 1132 apostoli,
863 1048 1079 1134 posteaquam
1100 1051 1180 1114 fasta
1201 1050 1252 1129 est,

219 1155 281 1198 non
305 1152 424 1200 tantum
439 1136 583 1216 videndo,
605 1138 653 1200 sed
675 1138 862 1220 experiendo
884 1140 1087 1202 crediderunt
1110 1139 1179 1202 Nec
1199 1141 1251 1222 ipsr

222 1241 324 1288 nmen
339 1228 377 1289 de
393 1225 612 1289 resurrectione
627 1227 725 1290 camis
740 1227 948 1310 potiusquam
970 1227 1009 1289 de
1023 1227 1252 1292 resurrectionis

221 1313 368 1395 qualitate
390 1315 573 1392 dubitantes,
595 1316 666 1395 quia
687 1313 830 1377 videlicet
851 1315 903 1397 qui
926 1315 956 1377 in
979 1316 1085 1378 orbem
1103 1331 1251 1380 terrarum

220 1402 361 1465 mittendi
388 1404 489 1466 forent
511 1404 549 1467 ad
574 1404 714 1465 omnium
738 1404 877 1486 gentium
902 1405 1164 1484 informationem,
1186 1427 1249 1469 non

221 1491 344 1554 auribus
368 1508 503 1570 tantum,
529 1491 576 1554 sed
600 1491 630 1555 ἃ
656 1491 754 1556 oculis
776 1492 1000 1574 praedicandam
1022 1491 1114 1556 fidem
1143 1516 1251 1577 capere

219 1576 382 1659 debebant,
392 1598 426 1644 ut
437 1580 519 1664 quod
530 1579 648 1644 firmius
660 1579 840 1660 didicissent,
855 1579 1042 1646 constantius
1053 1581 1248 1646 edocerent.»

221 1715 323 1846 unffi.
347 1713 469 1860 Paplinus
490 1713 613 1778 Nolanus,
630 1713 700 1783 Epist.
720 1713 820 1778 xxxl,
837 1729 859 1766 c.
877 1733 903 1779 4,
926 1733 939 1781 5
966 1711 1089 1783 (Migne,
1111 1715 1177 1767 Patr.
1195 1713 1251 1780 lat,

282 1811 326 1859 ,c.
341 1811 388 1860 327
402 1796 420 1860 ·]

261 1929 511 1994 ‹Intereamater
519 1930 710 2013 imperatoris
721 1927 945 2008 Helenacuius
953 1930 1137 2012 cognomine
1147 1932 1250 1993 vicum

220 2020 357 2103 Drepani
380 2019 521 2103 princeps
548 2019 704 2082 civitatem
729 2019 842 2081 dicavit
866 2017 1069 2100 Helenopolim,
1093 2018 1251 2082 admonita

219 2131 275 2191 per
296 2108 446 2172 somnium
469 2110 505 2171 ad
522 2107 717 2196 lerosolymam
732 2109 919 2189 properavit,
938 2105 968 2169 ἃ
989 2108 1145 2190 quondam
1167 2107 1251 2172 Ieru-

209 2197 305 2284 salem
317 2197 465 2261 desertam
477 2193 552 2260 stcut
563 2216 728 2278 pomorum
739 2195 956 2258 custodiarium
968 2196 1137 2274 inveniens,
1149 2200 1251 2279 requi-

219 2283 287 2349 srvit
297 2285 469 2368 sepulcrum
479 2283 600 2349 Christi.
610 2282 799 2371 Quodlicet
810 2283 1001 2362 difficillime,
1011 2300 1113 2347 tamen
1122 2285 1248 2348 invenit

218 2372 328 2457 ltaque
341 2390 467 2456 repente
489 2371 638 2454 templum
656 2370 729 2434 illud
745 2371 978 2434 scelestissimum
992 2373 1082 2435 deiici
1098 2373 1186 2436 iussit.
1208 2371 1250 2436 Et

222 2463 322 2546 palam
345 2463 426 2526 sablo
441 2461 572 2525 Domini
594 2475 807 2538 monumento,
829 2478 1036 2542 apparuerunt
1049 2462 1132 2524 circa
1146 2463 1176 2524 id
1192 2462 1250 2524 suf-

153 2625 157 2634 ,
219 2549 300 2614 sollae
321 2567 382 2614 tres
403 2571 509 2614 cruces
531 2548 664 2629 &clavi,
686 2547 817 2612 simul&
832 2548 938 2612 titulus
961 2548 1069 2613 litteris
1090 2550 1250 2630 hebraicis,

218 2641 324 2723 graecis
338 2637 497 2722 latinisque
510 2637 713 2720 conscriptus:
738 2663 750 2695 ι
769 2635 851 2700 Iesus
867 2637 900 2700 N
902 2658 1048 2700 aaarenus
1062 2660 1115 2702 rex
1129 2636 1251 2702 ludaeo-

218 2750 296 2791 rum.
315 2754 327 2785 ι
345 2728 472 2792 Dicitur
486 2743 588 2790 autern
614 2729 685 2810 quia
699 2728 791 2790 etiam
815 2743 955 2790 mortuus
970 2727 1067 2790 crucis
1089 2728 1170 2790 tadtu
1190 2727 1251 2791 sur-

219 2819 338 2882 rexerit.
354 2815 406 2880 De
420 2817 481 2880 hoc
497 2816 580 2900 ligno
595 2815 710 2900 Sibylla
723 2816 800 2881 dixit
814 2815 895 2899 apud
911 2836 1061 2900 paganos:

292 2932 305 2964 ‹
324 2906 358 2972 O
373 2922 419 2970 ter
435 2906 557 2970 beatum
572 2903 690 2988 lignum
706 2907 736 2968 in
752 2927 815 2989 quo
831 2904 920 2970 Deus
934 2904 1072 2968 extensus
1083 2904 1143 2967 est!
1163 2931 1175 2962 ι

260 2995 371 3058 «Tum
380 3017 454 3080 ergo
463 3017 533 3079 quae
543 3015 619 3056 crux
627 2992 700 3058 esset
709 2992 927 3078 Domini,quae
937 2993 1101 3072 latronum,
1111 2994 1250 3057 dubitare

218 3101 387 3167 coeperunt.
405 3083 537 3147 Proinde
547 3083 715 3160 Macarius,
725 3083 856 3146 civitatis
865 3082 980 3166 praesul,
989 3080 1251 3147 huiusmoditrac-

218 3189 281 3236 tatu
304 3173 527 3236 dubitationem
551 3171 647 3234 solvit.
668 3169 795 3234 Mulieri
817 3192 950 3256 namque
971 3171 1130 3236 nobilitate
1150 3171 1251 3253 clara,

219 3263 497 3346 longaaegritudine
506 3261 648 3344 fatigatae,
657 3281 748 3322 unam
757 3259 876 3322 illarum
884 3260 1021 3323 crucium
1029 3281 1101 3322 cum
1110 3261 1250 3325 oratione

218 3347 1250 3434 promptiffimaadhibenavirtutemSalvatorisagnovit.Moxenim

218 3456 252 3503 ut
260 3439 419 3502 mulierem
431 3460 507 3502 crux
518 3437 627 3521 attigit,
638 3436 802 3520 partionem
810 3436 969 3499 saevissimae
975 3436 1164 3520 agritudinis
1175 3439 1251 3502 effu-

216 3529 310 3612 gavit,
323 3528 353 3592 &
367 3528 502 3592 soeminae
525 3525 649 3590 salutem
664 3524 801 3588 restituit.
820 3525 869 3588 Sic
883 3526 986 3608 itaque
1008 3542 1104 3588 mater
1118 3526 1250 3608 impera-

217 3619 301 3695 toris,
326 3616 410 3699 quod
433 3615 577 3697 cupiebat
603 3613 785 3700 agnoscens,
809 3615 847 3677 de
871 3613 965 3678 clavis
990 3615 1250 3697 quidemquibus

217 3727 325 3770 manus
337 3703 451 3769 Christi
466 3705 585 3768 sirerant
600 3704 771 3787 persoraoe,
786 3703 862 3767 alios
877 3704 907 3766 in
922 3701 1041 3787 galeam
1055 3700 1178 3766 immisit
1192 3705 1251 3767 im-

218 3795 374 3878 peratoris,
394 3792 448 3876 filij
465 3793 574 3875 capitis
589 3792 810 3874 providentiam
832 3813 951 3875 gerens,
973 3808 1006 3854 ut
1028 3789 1126 3852 iacula
1141 3790 1250 3858 bellica

217 3881 419 3960 submoveret,
441 3880 517 3944 alios
536 3881 624 3944 freno
649 3881 763 3963 equino
779 3879 963 3963 permiscuit,
983 3877 1177 3942 &cautelam
1193 3883 1250 3944 im-

217 3971 362 4054 peratoris
388 3991 492 4054 agens,
515 3968 546 4032 da
572 3983 706 4032 veterem
731 3969 924 4052 prophetiam
950 3966 1129 4049 adimplens.
1160 3968 1249 4034 Olim

215 4061 299 4122 enim
311 4058 478 4122 Zacharias
491 4056 675 4121 clamaverat
694 4057 854 4141 propheta,
867 4057 973 4119 dicens
995 4056 1074 4134 (xrv,
1091 4057 1155 4136 aol:
1181 4058 1249 4122 «Et

218 4173 231 4207 e
242 4148 298 4211 erit
310 4146 394 4230 quod
406 4147 437 4209 in
451 4147 538 4209 freno
549 4144 592 4208 est
602 4144 737 4207 fandum
748 4144 892 4208 Domino
905 4143 1145 4226 omnipotenti.»
1162 4145 1248 4210 Salu-

218 4237 291 4300 taris
303 4256 377 4298 vero
391 4235 491 4298 crucia
506 4250 624 4318 partem
639 4235 764 4317 quidem
779 4233 913 4317 aliquam
927 4231 1079 4316 regalibus
1093 4232 1249 4299 distribuit.

258 4348 271 4382 e
290 4324 398 4410 Quam
418 4322 641 4389 Constantinus
665 4321 836 4407 suscipiens,
855 4321 886 4385 da
900 4323 1029 4384 credens
1053 4317 1158 4384 salvari
1173 4325 1248 4388 civi-
