3296 5700
299 575 585 630 HODOEPORICON
610 579 637 630 S.
668 577 911 629 WlLLlBALDl.
1047 581 1113 657 275

812 701 1106 710 —m--m

168 859 310 933 XXXlll.
333 865 443 958 Rmr
460 887 561 930 corum
571 887 657 956 papa
667 865 880 956 peregrinatio
898 863 1026 930 breviter

469 972 697 1062 perstringitur.
709 983 724 1011 ⁰

129 1125 207 1196 Post
222 1125 283 1197 hec
297 1126 407 1221 itaque
423 1151 505 1195 unus
516 1123 529 1170 ⁶
541 1123 718 1222 presbyter,
741 1125 809 1221 qui,
827 1123 870 1196 de
888 1125 1047 1223 Hispania
1062 1151 1117 1200 ve-

77 1235 193 1324 niens,
218 1229 261 1302 ad
282 1235 437 1304 Sanslum
460 1229 672 1304 Benedislum
697 1229 742 1302 ibi
763 1230 927 1324 manebat,
951 1233 1117 1304 licentiam

77 1337 228 1438 rogabat
249 1339 291 1412 ab
312 1337 431 1412 abbate
454 1341 630 1411 Petronace
646 1337 689 1410 ad
716 1339 858 1410 Romam
879 1364 1024 1436 pergere.
1049 1341 1118 1411 Sta·

78 1450 213 1542 timque
234 1446 297 1537 ille,
318 1445 447 1517 licentia
469 1445 640 1542 postulata,
662 1443 802 1543 rogabat
817 1443 1059 1536 willibaldum,
1083 1471 1118 1516 ut

78 1581 162 1627 cum
178 1581 221 1626 eo
235 1555 431 1652 pergeret&
445 1554 537 1625 illum
550 1553 683 1626 duceret
699 1553 743 1625 ad
756 1556 910 1626 Sanilum
928 1556 1063 1626 Petrum.
1084 1555 1119 1627 Et

80 1663 135 1734 ille
144 1662 277 1733 statim‘
293 1659 503 1755 petitionibus
512 1663 579 1732 eius
588 1661 782 1732 consensum
790 1662 843 1733 seu
852 1659 1005 1732 effessum
1016 1660 1033 1707 ὅ
1041 1688 1119 1759 pro·

80 1765 247 1839 nrittebat.
273 1765 430 1862 Cumque
449 1765 494 1836 illi
509 1783 716 1865 pergerem*
738 1765 781 1838 ad
802 1772 931 1862 Rorntm
948 1794 1118 1861 venerunt,

83 1899 187 1969 atque
204 1871 292 1943 illico
315 1869 477 1944 bastlicam
491 1875 600 1945 Sanni
613 1874 693 1944 Petri
708 1876 873 1965 intrantes,
892 1876 979 1946 sacra
998 1876 1119 1947 celestis

83 1979 283 2070 clavicularii
305 1979 548 2075 postulaverunt
572 1977 708 2076 prestdia
733 1980 880 2075 illiusque
897 1982 930 2052 se
947 2007 1118 2053 commen·

84 2083 215 2158 dabant
227 2082 312 2181 pios
322 2110 458 2181 precum
472 2087 762 2181 patrocinioTum
775 2087 829 2158 ille
842 2088 928 2158 sacer
941 2089 1119 2185 apostolice

85 2189 168 2262 sedis
186 2191 348 2286 pontifex,
377 2193 557 2290 Gregorius
577 2196 623 2282 ΙΙΙ,
643 2191 867 2265 venerandum
889 2195 995 2265 virum
1011 2194 1119 2265 Willi-

84 2296 226 2370 baldum
242 2297 308 2369 illic
321 2296 386 2371 elie
397 2300 615 2396 comperiens,
632 2301 777 2396 precepit
793 2299 884 2370 illum
898 2299 939 2370 ad
953 2301 985 2371 se
999 2301 1118 2372 venire.

87 2405 246 2502 Cumque
257 2406 323 2477 illic
334 2403 469 2479 venisset
479 2406 523 2478 ad
532 2409 680 2478 landum
694 2407 810 2478 summi
827 2407 995 2498 l'acerdotij
1005 2424 1022 2470 a
1033 2433 1119 2505 pon·

88 2511 223 2604 rificem,
240 2514 346 2584 statim
360 2538 468 2610 prono
482 2515 572 2587 vultu
585 2515 619 2585 in
636 2539 755 2586 terram
768 2515 800 2585 se
812 2513 968 2611 vergebat
980 2517 1015 2586 ὅ(
1028 2514 1119 2585 illum

87 2619 257 2694 salutabat.
271 2622 480 2717 Protinusque
490 2622 543 2693 ille
559 2623 630 2718 pius
641 2622 844 2720 populorum
857 2622 1041 2718 speculator
1060 2625 1121 2720 piis

87 2724 266 2799 verborum
283 2725 546 2802 vicissitudinibus
562 2730 685 2799 itineris
697 2729 745 2799 sui
760 2728 913 2800 ordinem
928 2730 1121 2828 investigare

89 2837 175 2932 cepit
189 2831 232 2906 ab
249 2836 325 2908 illo:
348 2834 523 2932 quomodo
534 2835 717 2932 septuplum
726 2860 890 2906 annorum
908 2835 1070 2907 calculum
1087 2837 1120 2907 in

89 2944 228 3018 externis
252 2946 396 3016 terminis
418 2943 535 3014 telluris
552 2940 729 3039 probando
747 2967 943 3040 peragraret,
965 2967 1021 3014 aut
1037 2968 1120 3039 quo-

91 3053 195 3125 modo
218 3077 277 3148 per
297 3049 399 3121 multa
416 3075 605 3147 temporum
628 3048 729 3146 spatia
751 3049 947 3146 perniciosas
968 3075 1120 3148 pagano·

91 3187 160 3231 rum
184 3160 358 3258 pravitates
386 3156 591 3253 penetrando
616 3154 779 3247 evaderet,
801 3156 974 3255 diligenter
995 3154 1039 3227 ab
1063 3157 1120 3228 illo

92 3266 317 3340 sciscitabatur.

138 3375 320 3466 Statimque
338 3370 504 3440 tunclille
523 3370 614 3468 agilis
631 3369 750 3441 Christi
766 3370 959 3443 vernaculus
975 3370 1122 3468 glorioso

92 3482 242 3579 gentium
254 3477 476 3577 gubernatori,
495 3477 630 3573 sapienti
644 3477 832 3548 sermonum
848 3475 1003 3547 industria
1016 3477 1122 3546 humi-

94 3591 160 3660 liter
177 3584 396 3680 edisserendo,
413 3587 528 3657 seriem
543 3586 588 3655 sui
610 3585 730 3655 itineris
748 3610 787 3655 ex
806 3581 922 3655 ordine
939 3585 1122 3656 intimavit:

95 3695 180 3794 quali
206 3691 312 3766 modo
337 3693 455 3764 multas
482 3691 656 3791 migrando
683 3691 799 3763 mundi
828 3691 913 3761 illius
943 3690 1122 3786 permeavit

97 3800 287 3892 mansiones,
308 3803 343 3871 &
365 3797 539 3896 quomodo
561 3799 686 3869 almum
706 3796 845 3868 altiffimi
871 3796 1018 3868 etherum
1039 3795 1121 3891 plas-

98 3911 228 3981 matoris
244 3907 387 3978 natalem
403 3907 411 3952 ³
426 3903 586 3977 adventus
604 3904 648 3975 sui
666 3904 778 3974 locum
789 3906 824 3975 in
838 3903 1026 3975 Bethlehem
1041 3900 1122 3972 ado-

98 4016 210 4110 rand0,
228 4040 329 4112 opem
347 4011 544 4111 postulando
560 4009 793 4106 lustrandoque
811 4007 1071 4106 perambulabat,
1088 4011 1123 4079 δι

128 4211 149 4246 a,
169 4193 264 4248 ‘situlus
276 4195 300 4246 A.
319 4194 344 4246 t‘rt
358 4194 396 4258 0.,
409 4193 434 4244 P.
458 4221 491 4232 -
514 4194 538 4244 b.
551 4191 576 4243 F.
673 4187 691 4242 f.
705 4188 748 4258 pio
762 4191 787 4240 d.
800 4187 864 4240 inc.
879 4215 912 4226 —
925 4205 952 4256 g.
970 4189 995 4239 C.
1007 4185 1121 4238 sacerdo·

99 4283 161 4326 tunc.
173 4291 236 4327 -c.
249 4275 329 4327 statim
342 4275 366 4326 d.
376 4273 438 4326 inc.
454 4301 486 4312 -
497 4271 523 4324 d.
536 4271 577 4323 seu
638 4269 693 4321 talis
708 4267 781 4321 sedis.
794 4297 830 4306 -
851 4268 875 4320 h.
890 4279 950 4320 tunc
964 4270 988 4319 d.
1006 4264 1032 4318 itt
1047 4267 1075 4319 C.
1091 4295 1123 4305 -

102 4351 212 4407 effeslum
224 4356 250 4408 d.
259 4353 284 4408 in
293 4355 320 4408 C.
333 4383 356 4394 -
367 4371 391 4407 e.
399 4355 426 4408 G.
437 4364 576 4423 pergentes.
638 4350 653 4403 't
669 4349 779 4403 natalem
793 4350 818 4401 d.
833 4347 859 4401 in
872 4350 899 4404 C.
