3434 5704
504 542 553 624 4⁰
967 527 1073 629 (32⁶)

505 764 566 841 est,
587 765 763 849 deponitur,
777 765 888 828 iacenti
904 785 965 827 una
978 764 1017 828 de
1030 764 1173 828 crucibus
1187 763 1415 828 admovetur&
1429 765 1524 829 altera
1529 795 1539 844 ς

506 852 555 916 sed
566 874 687 918 reorum
702 853 785 936 ligna
798 874 880 916 mors
895 851 1014 937 sprevit.
1030 851 1188 917 Postremo
1202 851 1405 917 Dominicam
1416 875 1539 918 crucem

506 942 608 1026 prodit
617 941 796 1005 resurreetio
811 941 842 1005 dt
856 941 893 1005 ad
909 941 1042 1005 salutaris
1056 941 1130 1024 ligni
1146 940 1271 1019 tedium,
1286 957 1386 1005 morte
1401 943 1540 1027 profuga,

504 1031 595 1096 funus
610 1033 655 1113 (id
664 1034 704 1114 est
718 1031 856 1107 cadaver,
876 1031 928 1094 vel
942 1047 1082 1094 mortuus
1096 1031 1247 1092 excitatus
1262 1031 1315 1103 est)
1329 1029 1498 1112 excussum,
1510 1033 1538 1096 dt

505 1141 618 1203 corpus
635 1120 770 1184 etesium
781 1119 834 1198 esi,
852 1117 1095 1202 tremesadiisque
1109 1117 1283 1181 viventibus
1297 1119 1379 1182 stetit
1392 1135 1538 1200 mortuus,

505 1208 734 1288 &stinebribus
748 1227 782 1271 ut
793 1208 932 1272 Lazarus
943 1209 1111 1292 quondam,
1124 1204 1257 1269 vinculis
1267 1209 1442 1290 expeditus,
1455 1209 1538 1272 illico

505 1298 585 1362 inter
599 1297 819 1381 exspedlatores
834 1295 902 1360 suos
915 1296 1069 1362 redivivus
1082 1295 1209 1358 inceffit.

547 1412 560 1444 ‹
575 1386 659 1470 Ergo
673 1405 749 1449 crux
761 1384 904 1462 Domini,
919 1400 965 1447 tot
978 1399 1084 1468 operta
1093 1383 1234 1447 aetatibus
1248 1382 1402 1449 &ludaeis
1417 1387 1449 1448 in
1462 1401 1537 1450 tem·

506 1497 582 1559 pore
604 1475 742 1558 pallionis
772 1473 956 1551 abscondita,
987 1493 1089 1555 neque
1113 1473 1255 1554 gentibus
1279 1474 1311 1535 in
1338 1473 1539 1538 aedifioeuone

505 1565 565 1628 fani
587 1581 700 1628 terram
715 1562 775 1627 sine
796 1561 891 1625 dubio
913 1562 949 1622 ad
965 1559 1061 1641 ipsam
1080 1561 1225 1623 fabricam
1246 1563 1441 1643 egerentibus
1454 1583 1538 1626 reve-

506 1652 576 1731 lata,
596 1673 700 1715 nonne
723 1672 815 1713 manu
837 1649 936 1726 latuit,
957 1663 993 1710 ut
1012 1669 1096 1711 nunc
1116 1649 1303 1711 inveniretur
1316 1670 1389 1712 cum
1403 1648 1539 1732 religiose

507 1739 711 1826 quareretur?
726 1736 774 1802 Ita
784 1756 818 1802 ut
828 1758 952 1800 erucem
965 1736 1078 1801 Christi
1091 1737 1204 1816 decuit,
1218 1738 1434 1820 experimento
1447 1738 1539 1800 resur-

506 1830 650 1894 rediionis
671 1830 795 1892 inventa
809 1826 839 1890 dt
854 1826 981 1910 probata
995 1846 1070 1888 crux
1085 1824 1198 1890 christi
1214 1826 1276 1902 est;
1297 1825 1454 1909 dignoque
1468 1847 1538 1890 mox

446 1955 449 1962 ·
507 1918 623 1981 ambitu
646 1919 690 1999 (id
701 1919 739 1998 cst
751 1919 869 1978 honore
883 1916 913 1978 δι
928 1923 1052 1998 pompa)
1068 1913 1270 1992 consecratur,
1291 1916 1417 1977 condita
1432 1915 1462 1978 in
1478 1913 1539 1998 pas-

506 2005 596 2072 sionis
611 2006 682 2068 loco
703 2003 831 2080 basilica,
846 2025 915 2086 quae
930 2002 1041 2065 auratis
1055 1999 1180 2064 corusca
1193 2000 1387 2084 laquearibus
1401 2000 1432 2064 dt
1443 2004 1539 2068 aureis

507 2095 592 2160 dives
607 2093 761 2172 altaribus,
775 2113 886 2156 arcano
898 2088 1026 2174 politam
1042 2089 1170 2153 sacrario
1184 2111 1310 2152 crucem
1321 2090 1434 2153 servat:
1449 2113 1539 2174 quam

507 2183 666 2268 episcopus
686 2183 771 2247 urbis
789 2183 855 2244 eius
876 2179 1051 2264 quotannis,
1072 2199 1145 2240 cum
1160 2175 1272 2242 Pascha
1287 2177 1420 2242 Domini
1435 2181 1540 2262 agitiu,

507 2274 692 2337 adorandam
704 2270 820 2354 populo
833 2270 974 2353 princeps
987 2268 1049 2350 ipse
1060 2267 1273 2330 venerantium
1289 2269 1414 2348 promit.
1430 2269 1540 2352 Neque

509 2377 617 2444 praeter
626 2360 705 2422 banc
714 2360 806 2437 diem,
817 2379 879 2439 qua
888 2357 987 2446 qtucis
998 2354 1087 2438 ipsius
1096 2354 1271 2438 mysterium
1282 2356 1465 2437 celebratur,
1473 2357 1541 2441 ipsa,

508 2472 578 2532 quae
595 2448 851 2512 sacramentorum
865 2441 1014 2523 causaest,
1028 2440 1110 2528 quasi
1125 2444 1283 2527 quoddam
1299 2444 1388 2508 sacrae
1401 2444 1542 2510 solemni-

508 2539 578 2602 tatis
593 2536 707 2620 insigne
729 2537 892 2619 prolertur,
912 2534 965 2598 nisi
982 2534 1138 2596 interdum
1153 2529 1360 2616 religiosissimi
1381 2535 1542 2617 postulent,

510 2628 562 2711 qui
586 2626 643 2688 hac'
659 2641 777 2687 tantum
792 2624 880 2687 causa
895 2623 948 2686 illo
959 2623 1140 2707 peregrinati
1155 2623 1346 2704 advenerint,
1362 2641 1397 2688 ut
1411 2621 1464 2687 sibi
1479 2626 1542 2686 eius

509 2714 655 2778 revelatio
665 2710 747 2796 quast
755 2714 786 2774 in
796 2713 929 2796 pretium
937 2711 1114 2795 longinquae
1121 2714 1375 2795 peregrinationis
1384 2714 1543 2777 deseratur.

510 2802 610 2891 Quod
627 2801 723 2865 solum
738 2801 873 2883 episcopi
885 2798 1036 2862 beneficio
1052 2799 1180 2862 obtineri
1197 2800 1315 2862 serunt:
1330 2802 1419 2865 cuius
1434 2800 1465 2864 dt
1478 2817 1544 2864 tan·

510 2909 576 2955 tum
587 2911 712 2955 munere
721 2890 873 2952 decadem
885 2909 975 2952 cruce
985 2890 1051 2950 baec
1062 2889 1180 2950 minuta
1190 2887 1261 2950 sacri
1274 2888 1394 2973 ligniad
1403 2911 1544 2973 magnam

509 2980 580 3044 fidei
593 2980 623 3043 dr
634 2977 856 3042 benedidionis
868 2979 997 3059 gratiam
1008 2977 1111 3040 haberi
1124 2977 1219 3042 datur.
1233 2975 1317 3127 qim
1328 2977 1455 3062 quidem
1463 2999 1546 3062 emit,

510 3065 1251 3144 inmateriainsensatavimvivamtenens,itaexi
1277 3069 1546 3148 ntemporeinnu-

511 3159 604 3221 meris
616 3177 693 3240 pene
706 3156 847 3239 quotidie
861 3155 1023 3216 hominum
1042 3155 1121 3217 votis
1133 3153 1250 3238 lignum
1261 3154 1347 3216 suum
1357 3157 1546 3234 commodat,

511 3263 546 3310 ut
556 3246 739 3309 detrimenta
753 3265 816 3306 non
829 3244 936 3304 sentiat
949 3243 979 3305 δι
990 3240 1074 3326 quasi
1086 3243 1200 3305 intadia
1210 3259 1397 3325 permaneat,
1407 3245 1546 3327 quotidie

512 3335 636 3399 dividua
655 3331 842 3394 sumentibus
862 3329 892 3393 dt
914 3328 1031 3410 semper
1051 3345 1115 3393 tota
1139 3329 1364 3393 venerantibus
1386 3330 1445 3393 Sed
1462 3331 1546 3394 iliam

512 3420 732 3507 imputribilem
755 3421 899 3482 virtutem
923 3418 953 3481 dt
977 3418 1182 3482 indetribilem
1203 3418 1387 3481 soliditatem
1407 3422 1446 3482 de
1466 3419 1546 3484 illius

513 3513 650 3598 profesio
674 3509 775 3571 carnis
793 3507 936 3591 sanguine
958 3507 1044 3587 bibit,
1067 3530 1136 3591 quae
1152 3505 1231 3590 passa
1245 3525 1378 3571 mortem
1392 3529 1456 3570 non
1471 3509 1547 3570 vidit

512 3599 756 3684 corruptionem.
776 3597 938 3679 Speramus
951 3611 1054 3659 autem
1069 3596 1099 3659 dt
1113 3597 1200 3660 vobis
1213 3618 1276 3658 non
1292 3596 1389 3659 solum
1403 3597 1547 3658 benedic-

513 3690 605 3754 tionis
630 3687 833 3764 monimento,
853 3686 901 3748 sed
917 3684 947 3747 dt
966 3686 1206 3768 incorruptionis
1227 3684 1388 3748 seminario
1403 3685 1547 3762 sumtum,

512 3797 546 3843 ut
560 3779 625 3841 eius
646 3773 794 3858 inspediio
815 3771 908 3835 fidem
929 3773 1061 3835 vestram
1081 3773 1174 3836 etiam
1189 3774 1227 3835 de
1240 3773 1453 3836 recordatione
1468 3772 1545 3834 beati

514 3865 596 3929 illius
621 3865 750 3928 latronis
775 3863 932 3940 accendat,
959 3862 1011 3945 qui
1038 3861 1115 3922 bene
1139 3859 1226 3922 verso
1255 3860 1417 3923 latrocinio
1443 3859 1547 3942 longas

513 3956 544 4017 in
559 3954 680 4037 magnis
701 3950 857 4014 laboribus
879 3949 1050 4012 sandlorum
1066 3950 1129 4012 vias
1143 3949 1181 4012 de
1196 3951 1346 4012 momenti
1361 3948 1422 4011 fide
1436 3948 1465 4012 dt
1479 3970 1547 4010 ωο-

513 4057 619 4104 mento
636 4039 830 4103 consessionis
845 4039 1024 4121 anticipans,
1038 4058 1100 4099 non
1116 4039 1269 4100 immerito
1283 4052 1354 4100 ante
1369 4037 1449 4119 ipsos
1464 4034 1547 4118 apos-

514 4130 642 4194 tolos&
665 4144 811 4211 martyres
829 4143 1032 4211 preparatum
1054 4125 1120 4212 ipsts
1139 4129 1176 4190 ab
1197 4127 1283 4205 initio,
1305 4141 1340 4188 ut
1360 4127 1413 4202 ait,
1432 4147 1547 4206 regnam

515 4219 634 4302 primus
655 4215 762 4281 invasit
785 4216 814 4280 dt
836 4218 904 4300 pius
926 4214 998 4279 coeli
1023 4217 1128 4298 praedo
1148 4215 1284 4297 diripuit,
1305 4215 1378 4297 quia
1393 4213 1544 4278 Christum

513 4305 692 4372 crucifixum
713 4304 909 4370 similitudine
923 4303 981 4368 suae
996 4326 1097 4387 poenae
1111 4305 1217 4366 videus
1232 4304 1262 4366 in
1277 4325 1316 4365 eo
1329 4303 1416 4382 statu,
1435 4304 1545 4390 dequo
