3390 5720
467 525 517 578 ue
535 525 672 580 renna
689 526 856 581 snucrn.
1131 510 1177 600 67
1286 511 1289 518 ’

133 768 252 839 prope
264 741 309 814 est
317 745 478 838 spelunca,
493 768 557 838 que
574 742 695 816 dicitur
710 737 818 842 μέζω,
839 745 931 840 quod
950 746 1180 844 interpretatur
1208 763 1319 848 ⁵r5¹uw

135 849 394 947 discipulorum,
411 848 467 921 ubi
485 852 661 940 Dominus,
682 847 818 947 quando
837 849 1028 948 predicabat
1049 855 1083 925 in
1101 855 1180 925 Hie·
1206 828 1290 899 Mi*

135 955 297 1048 rusalem,
314 956 544 1054 requiescebat.
571 962 605 1029 ln
618 981 736 1030 monte
750 957 876 1031 Oliveti
894 959 1003 1055 posuit
1016 963 1181 1034 Dominus

136 1065 303 1136 humeros
320 1066 416 1163 super
428 1064 585 1163 lapidem,
603 1067 636 1138 in
655 1090 723 1160 quo
742 1063 798 1136 fixi
814 1064 915 1138 ambo
933 1067 1060 1139 humeri
1075 1068 1183 1142 adhuc

138 1196 320 1268 apparent,
338 1169 416 1245 srcut
433 1175 468 1244 in
485 1199 560 1244 cera
577 1171 679 1262 molli,
700 1174 756 1268 qui
772 1173 866 1244 locus
889 1171 967 1245 ideo
992 1176 1109 1247 icona‘*
1123 1203 1183 1249 vo·

140 1303 251 1351 catur.
277 1281 311 1352 Et
327 1280 372 1351 est
390 1281 455 1352 illic
471 1280 570 1352 eciam
587 1277 744 1352 fabricata
761 1278 904 1374 ecclefia,
918 1282 1006 1354 iuxta
1020 1308 1119 1379 quam
1139 1284 1184 1356 est

140 1391 281 1484 ecclefia,
299 1388 334 1460 in
353 1413 419 1483 qua
425 1392 535 1484 sunda
555 1385 708 1482 Pelagiab
724 1388 902 1483 requiescit.
929 1388 964 1461 bt
980 1388 1027 1461 ibi
1043 1390 1116 1461 sunt
1127 1396 1185 1464 due
1213 1403 1308 1478 Ecclefiff
1319 1403 1334 1452 s.
1346 1404 1391 1450 Pe-

141 1500 279 1593 bafilice,
298 1499 349 1565 ubi
365 1498 489 1566 docebat
507 1497 646 1588 Christus
658 1498 826 1590 discipulos
833 1500 920 1590 suos.
945 1495 982 1568 Et
998 1495 1077 1569 inde
1094 1502 1184 1570 venis
1214 1468 1333 1577 unii&

141 1604 191 1678 ad
206 1605 374 1692 Gulileam,
391 1599 446 1673 ubi
459 1600 606 1698 discipuli
615 1599 767 1674 viderunt
777 1604 963 1675 Dominum
975 1604 1087 1695 lesum,
1099 1606 1185 1703 post·
1214 1618 1318 1668 odila

143 1738 254 1810 quam
268 1708 435 1783 resurrexit
451 1735 471 1780 a
488 1711 633 1780 mortuis.

196 1818 284 1890 XlV.
310 1815 358 1885 Est
375 1842 393 1887 e
410 1817 519 1888 vicino
535 1821 722 1912 bethphage.
749 1814 828 1888 lnde
844 1818 950 1913 pullus
965 1815 1077 1912 afinus,
1094 1822 1186 1920 super
1214 1837 1353 1902 ueuphege.

145 1951 254 2024 quem
271 1925 436 1996 Dominus
461 1922 554 2013 sedit,
588 1922 748 1994 addudius
776 1925 830 2014 est,
859 1949 936 1994 cum
963 1951 1030 2021 quo
1055 1930 1185 2001 intravit

146 2057 285 2131 portam
311 2030 514 2102 Hierusalem
539 2057 616 2102 cum
641 2033 747 2126 pueris
774 2029 990 2103 clamantibus
1015 2035 1182 2107 Hosanna.

145 2144 204 2212 De
223 2137 426 2210 Hierusalem
443 2138 543 2233 usque
563 2144 742 2209 Berbmirm
760 2138 833 2209 sunt
849 2137 950 2210 millia
967 2138 1046 2232 duo,
1065 2139 1120 2212 ubi
1136 2169 1184 2214 re·
1214 2158 1331 2209 usuam

147 2246 315 2320 suscitavit
331 2247 497 2317 Dominus
514 2245 622 2318 noster
638 2246 720 2316 lesus
738 2245 883 2316 Christus
906 2247 1072 2340 launum,
1095 2252 1130 2320 ὅ(
1150 2253 1185 2321 in

147 2353 393 2426 resuscitatione
408 2353 509 2424 saneti
530 2353 639 2424 lazari
664 2354 699 2423 in
728 2352 799 2448 ipso
825 2352 902 2422 loco
929 2379 1005 2425 ante
1031 2356 1186 2452 pascham

147 2463 207 2534 die
224 2461 395 2533 dominico
413 2461 521 2530 omnis
545 2459 687 2557 populus
704 2483 925 2557 congregatur
943 2464 978 2531 δι
996 2461 1089 2534 mille
1104 2463 1186 2535 cele·

148 2569 298 2643 brantur.
321 2568 477 2638 lazamm
494 2563 582 2658 else,c
598 2591 698 2662 quem
721 2568 887 2639 Dominus
905 2568 1110 2662 resuscitavit,
1127 2570 1187 2641 sci·

149 2703 221 2768 tur,
247 2676 324 2772 quia
350 2674 550 2746 resuscitatus
567 2674 631 2766 est,
660 2672 717 2746 sed
743 2671 921 2746 secundam
949 2701 1092 2749 mortem
1119 2681 1186 2750 eius
1231 2709 1235 2714 ’

149 2808 256 2859 nemo
273 2782 444 2881 cognovit.
811 2869 815 2877 .

204 2893 277 2964 XV.
302 2893 333 2961 Α
350 2889 520 2962 lentsalem
537 2887 638 2984 usque
655 2887 833 2978 marchand
848 2886 904 2960 ubi
928 2913 1022 2961 natus
1046 2891 1091 2966 est
1108 2893 1187 2964 Hie·
1216 2925 1326 2974 Am

150 3001 273 3074 remias
293 2998 465 3096 propheta,
484 2992 540 3067 ubi
556 2999 590 3068 δι
608 2995 788 3092 requiescit,
805 2996 906 3068 millia
922 2996 984 3068 sex.
1005 2999 1058 3070 De
1072 3022 1187 3070 monte

151 3109 281 3181 Oliveti
298 3108 399 3203 usque
416 3108 451 3178 in
472 3105 582 3176 lucum
603 3101 746 3175 filiorum
770 3107 942 3195 Ammon‚‘
959 3102 1014 3176 ubi
1032 3104 1188 3180 dormivit

151 3214 215 3288 sub
231 3213 347 3287 arbore
363 3212 443 3285 licus
462 3209 654 3283 Abimelech
679 3213 772 3282 annis
789 3209 1005 3310 quadraginta
1027 3203 1120 3302 seris
1131 3217 1188 3310 qui

153 3322 331 3421 discipulus
348 3321 451 3394 sandii
467 3319 632 3391 Hieremie
649 3318 719 3412 hit,
735 3319 923 3392 milliarium
941 3344 1054 3392 unum.
1068 3319 1114 3392 lbi
1126 3322 1187 3392 fuit

152 3430 282 3503 Baruch
306 3428 468 3527 propheta
484 3428 519 3497 in
537 3426 699 3522 spelunca.

204 3538 290 3610 XVl.
317 3539 460 3634 Aporta
476 3535 643 3606 Beniamin
669 3532 713 3606 ad
729 3539 845 3604 Iericho
869 3533 969 3606 millia
987 3533 1188 3628 octodecim,
1216 3564 1313 3614 rarus.

155 3645 236 3718 inde
249 3643 292 3717 ad
304 3642 479 3716 Iordanem
492 3641 594 3713 millia
606 3641 689 3714 sens
705 3639 869 3713 hiericho
883 3639 926 3712 ad
936 3645 1098 3716 orientem
1109 3646 1188 3713 Gal·
1217 3679 1320 3742 θήρη

155 3757 235 3850 gala
253 3750 347 3824 distat
369 3749 520 3822 milliario
537 3772 617 3840 uno,
644 3774 664 3819 a
689 3746 828 3819 iordane
853 3747 896 3819 ad
912 3748 1056 3848 Galgnla
1079 3748 1188 3821 stadiis

157 3858 427 3958 quinquaginta.l
453 3855 499 3929 lbi
523 3857 597 3929 sunt
623 3853 802 3928 duodecim
826 3853 963 3954 lapides,
995 3883 1078 3953 quos
1099 3857 1187 3931 leva·

155 3993 275 4042 verunt
295 3966 352 4040 filii
377 3966 469 4040 lsrael
490 3964 532 4037 de
555 3963 704 4057 Iordane,
728 3961 772 4036 ad
789 3988 874 4060 quos
904 3963 1089 4037 lohannes?
1111 3965 1189 4038 lecit

194 4209 218 4244 a.
236 4190 276 4243 Sic
288 4189 348 4260 lego,
361 4191 390 4244 L.
403 4205 475 4256 cana,
487 4188 640 4243 Lomclnva.
708 4187 734 4239 V.
755 4185 870 4256 Etmipo,
898 4188 925 4239 L.
946 4185 1081 4240 Ermitunr.
1109 4189 1188 4242 Mons

158 4267 303 4323 -umffi
312 4267 641 4323 Thecla-edddoefl‘e.
705 4265 874 4322 Offenfionist
900 4295 932 4306 —
959 4266 977 4320 s.
1009 4269 1034 4320 V.
1061 4283 1129 4322 vnn
1156 4300 1188 4311 -

160 4383 192 4394 -
208 4349 326 4417 dedit,
348 4350 374 4401 V.
392 4349 515 4416 Mantho,
538 4351 564 4402 L.
582 4350 643 4401 Ma·
705 4366 730 4418 g.
748 4346 808 4412 Ed,
829 4347 964 4410 V.vrr.··
980 4347 1005 4400 h.
1020 4351 1058 4414 L.,
1073 4351 1147 4417 Lov,
1152 4350 1189 4419 fic

159 4431 246 4485 natoh.
266 4459 298 4472 —
320 4449 341 4484 e.
359 4433 433 4497 Lov,
454 4432 480 4484 P.
494 4427 642 4500 Hennippo‚
706 4428 831 4498 Iosephus.
848 4456 881 4470 -·
899 4427 916 4480 i.
934 4427 1082 4482 Mattheus.
