3354 5706
512 509 579 586 144
924 509 1118 564 nucuunis

557 730 623 802 l·lic
643 729 753 824 itaque
774 727 859 800 ordo
883 755 942 827 pet
960 729 1151 802 earumdem
1167 753 1339 826 portarum
1354 731 1390 800 ὅ(
1405 729 1546 800 turrium

508 834 780 933 intercapedines:
815 862 834 906 a
864 861 961 933 porta
996 836 1105 911 David
1141 839 1235 934 supra
1268 862 1453 908 memorata
1485 863 1551 934 per

509 945 680 1015 circuitum
704 944 959 1040 septentrionem
981 945 1087 1016 versus
1116 941 1287 1015 &exinde
1315 943 1357 1014 ad
1384 945 1550 1014 orientem

510 1049 666 1148 dirigitur.
707 1049 770 1122 Sed
804 1050 1003 1146 quamlibet⁰
1030 1052 1082 1122 sex
1111 1075 1205 1148 porte
1237 1052 1272 1123 in
1303 1052 1403 1121 mutis
1433 1077 1551 1122 nume·

510 1183 629 1246 rentur,
656 1154 847 1228 celebriores
870 1182 980 1230 tamen
1004 1185 1044 1230 ex
1061 1158 1106 1229 eis
1128 1183 1190 1230 tres
1207 1183 1378 1255 portarum
1396 1159 1552 1230 introitus

510 1265 774 1361 frequentantur:
797 1291 881 1336 unus
902 1264 946 1336 ad
968 1264 1224 1358 occidentalem,
1246 1265 1326 1338 alter
1354 1264 1399 1338 ad
1419 1267 1552 1364 septen-

510 1372 695 1462 trionalem,
721 1373 830 1443 tertius
856 1371 900 1444 ad
926 1373 1118 1443 orientalem
1141 1397 1286 1470 partem:
1311 1399 1351 1444 ea
1373 1397 1456 1446 vero
1474 1399 1553 1471 pars

510 1505 681 1551 murorum
703 1505 780 1549 cum
803 1477 997 1577 interpositis
1021 1478 1169 1571 turribus,
1193 1505 1258 1576 que
1287 1507 1306 1552 a
1335 1479 1431 1577 supra
1463 1479 1554 1552 dista

512 1585 621 1659 David
646 1612 741 1684 porta
772 1611 829 1683 per
858 1586 1045 1686 aquilonale
1072 1589 1194 1658 montis
1220 1589 1298 1659 Sion
1327 1587 1553 1684 supercilium,

512 1693 604 1791 quod
630 1720 649 1764 a
673 1692 808 1765 meridie
833 1693 1051 1791 supereminet
1066 1694 1199 1785 civitati,
1221 1695 1321 1790 usque
1340 1692 1383 1765 ad
1401 1693 1554 1766 eiusdem

512 1803 633 1873 montis
669 1801 812 1873 frontem
842 1799 1004 1901 dirigitur,
1041 1827 1104 1898 que
1133 1827 1287 1900 prerupta
1324 1827 1406 1900 rupe
1440 1805 1553 1874 orien-

512 1908 612 1979 talem
637 1909 765 2007 respicit
789 1908 935 2007 plagam,
964 1909 1066 1980 nullas
1094 1907 1214 1982 habere
1243 1935 1355 2006 portas
1388 1935 1553 2006 compro·

515 2014 618 2088 batur.
1363 2013 1367 2021 ⁴

562 2121 625 2195 Sed
643 2122 709 2194 hoc
726 2125 825 2194 etiam
843 2148 912 2193 non
930 2121 994 2194 esse
1013 2122 1267 2220 pretereundum
1292 2123 1432 2215 videtur,
1457 2122 1553 2221 quod

515 2227 611 2302 nobis
640 2230 765 2301 sanslus
796 2231 947 2302 Arculsus
977 2229 1020 2301 de
1050 2231 1143 2301 huius
1179 2231 1315 2302 civitatis
1348 2232 1382 2301 in
1417 2231 1552 2302 Christo

514 2335 765 2408 honorificentia
791 2337 932 2434 prefatus
959 2339 1116 2428 narravit,
1142 2339 1310 2433 inquiens:
1340 2338 1553 2410 Diversarum

515 2444 664 2540 gentium
676 2443 821 2539 undique
833 2469 940 2541 prope
954 2446 1127 2515 innumera
1141 2443 1318 2516 multitudo
1334 2443 1552 2539 quindecimo

515 2548 568 2621 die
595 2549 710 2622 menhs
740 2549 929 2648 septembris
954 2552 1171 2624 anniversario
1197 2537 1291 2622 more
1312 2552 1552 2644 Hierosolymis

517 2659 694 2730 convenire
710 2653 792 2729 sole't
817 2655 861 2728 ad
885 2659 1085 2730 commercia
1103 2659 1222 2730 mutuis
1247 2656 1553 2731 venditionibus&

517 2760 739 2862 emptionibus
768 2763 967 2861 peragenda.
994 2763 1092 2837 Unde
1117 2763 1185 2834 fieri
1211 2761 1338 2836 necesse
1355 2765 1412 2856 est,
1439 2791 1475 2837 ut
1495 2791 1553 2861 per

518 2871 644 2966 aliquot
668 2869 737 2942 dies
758 2871 792 2940 in
816 2869 933 2942 eadem
956 2871 1085 2969 hospita
1107 2871 1237 2942 civitate
1259 2869 1464 2943 diversorum
1481 2871 1554 2942 hos-

518 2980 661 3076 pitentur
679 2975 770 3048 turbe
793 2977 1006 3074 populorum,
1031 3003 1174 3072 quorum
1190 2978 1332 3074 plurima
1349 2978 1554 3049 camelorum

518 3082 553 3157 dt
582 3111 744 3181 equorum
775 3081 1004 3181 ahnorumque
1032 3080 1253 3174 numerositas,
1284 3084 1454 3156 mulorum
1478 3109 1552 3156 nec·

519 3217 588 3263 non
625 3195 661 3262 &
698 3188 801 3263 boum
842 3191 1081 3282 masculorum,
1124 3188 1321 3263 diversarum
1364 3191 1550 3264 ves'larum⁸

519 3324 626 3369 rerum
651 3323 709 3394 per
735 3296 804 3367 illas
832 3295 994 3393 politanas
1024 3297 1147 3394 plateas
1175 3297 1351 3369 stercorum
1379 3296 1550 3369 abomina-

518 3406 624 3475 tiones
654 3403 867 3499 propriorum
895 3402 1008 3499 passim
1033 3404 1158 3474 sternit:
1185 3429 1326 3498 quotum
1355 3402 1454 3475 nidor
1483 3431 1550 3475 non

518 3509 730 3582 mediocriter
757 3507 882 3608 civibus
907 3509 1031 3580 invehit
1055 3510 1249 3602 molestiam,
1279 3537 1343 3606 que
1373 3513 1408 3582 &
1439 3509 1550 3583 ambu-

518 3616 608 3690 landi
639 3614 894 3713 impeditionem
923 3613 1045 3712 prebet.
1072 3617 1191 3687 Mirum
1226 3615 1325 3707 dislu,
1360 3619 1434 3713 post
1465 3618 1550 3690 diem

520 3726 616 3820 supra
645 3746 865 3794 memoratum
895 3721 1078 3793 recessionis
1108 3747 1184 3792 cum
1216 3720 1344 3795 diverhs
1373 3748 1550 3796 turmarum

519 3830 682 3920 iumentis,
705 3833 803 3900 nosle
825 3826 1049 3924 subsequente,
1071 3831 1232 3900 immensa
1249 3831 1436 3927 pluviarum
1456 3833 1550 3928 copia

523 3932 565 4007 de
594 3933 733 4008 nubibus
762 3933 861 4007 effusa
886 3936 980 4032 super
1009 3933 1151 4009 eandem
1180 3935 1348 4008 descendit
1376 3938 1550 4028 civitatem,

522 4067 586 4138 que
628 4067 713 4114 totas
755 4039 873 4114 abluit‘
919 4039 1156 4114 abominabiles
1204 4041 1246 4114 de
1285 4043 1400 4139 plateis
1444 4042 1550 4116 sordes

557 4287 579 4321 a.
589 4271 625 4335 B.,
638 4271 662 4322 Ρ.
676 4287 770 4336 ¹:943.
784 4269 902 4339 quelibet.
917 4299 950 4309 -
965 4271 988 4322 b.
997 4271 1037 4333 G.,
1048 4269 1081 4322 al.
1094 4271 1229 4324 vestorum.
1244 4299 1277 4309 -
1290 4287 1312 4322 c.
1330 4271 1364 4334 L,
1378 4267 1413 4320 al.
1427 4269 1550 4340 abssetgit.
