3354 5706
343 1121 507 1214 uuor
543 1122 934 1238 reuomentes

224 1425 338 1572 DE
384 1423 640 1558 LOCIS
686 1423 1059 1556 SANCTIS

570 2063 720 2104 emma.

328 2199 432 2260 (Numeri
442 2199 466 2247 ln
482 2197 607 2262 pumthefi
619 2197 718 2246 intime
728 2198 823 2262 apicula
835 2200 941 2258 Auula.)

243 2355 259 2420 Ι
284 2357 348 2438 (lib.
364 2379 418 2440 pr,
428 2358 464 2440 j).
479 2359 528 2420 De
535 2357 596 2444 ſstu
610 2354 810 2446 Hierusalem.

227 2443 260 2508 ΙΙ
285 2446 355 2528 (vij,
368 2447 416 2528 vj,
431 2446 468 2529 ij,
482 2446 532 2530 iij,
546 2447 593 2525 iv,
607 2468 642 2525 v,
656 2447 725 2530 viij,
744 2448 786 2528 x).
806 2448 855 2510 De
875 2445 987 2532 ecclesta
1000 2447 1158 2530 Constanti-

284 2536 373 2598 niana
395 2537 430 2597 {5
450 2535 639 2618 Golgothana,
662 2537 695 2598 de
712 2534 825 2621 eccleſsa
843 2532 1051 2622 resurreetionis
1069 2536 1104 2597 ὕ
1126 2537 1159 2599 de

276 2620 412 2710 sepulcro
424 2623 551 2702 Domini,
565 2625 598 2685 de
611 2623 705 2707 lapide
720 2625 762 2686 ad
777 2624 872 2708 ostium
886 2623 1052 2685 monumenti
1066 2625 1157 2687 advo·

282 2713 349 2792 luto,
359 2713 392 2774 de
403 2711 514 2798 ecclesta
526 2711 621 2774 Sanno
632 2711 748 2790 Mario,
761 2713 794 2774 de
806 2711 890 2774 calice
900 2710 1020 2774 Domini
1032 2712 1066 2774 {5
1074 2713 1159 2798 spon·

283 2801 344 2884 gia,
358 2803 391 2864 de
405 2801 500 2864 altare
514 2799 678 2878 Abraham,
692 2802 725 2863 de
738 2800 838 2863 lancea
853 2799 954 2863 militis.

207 2887 256 2953 III
282 2891 314 2974 (j,
332 2890 394 2968 xix,
408 2889 484 2972 xiij).
498 2889 548 2952 De
566 2889 672 2973 templo,
689 2889 723 2952 de
741 2888 861 2951 oratorio
878 2887 1112 2969 Sarracenorum,
1126 2892 1159 2954 de

284 2979 422 3069 Bothesda
432 2977 551 3068 piscina,
560 2979 677 3062 desonte
688 2978 766 3058 Silae,
781 2979 813 3040 de
824 2975 937 3062 eccleſsa
944 2978 1032 3063 super
1045 2993 1159 3042 montem

286 3067 347 3130 Sion
357 3069 501 3151 fundata,
520 3069 553 3131 de
574 3068 628 3130 Ioco
653 3067 831 3150 lapidationis
842 3067 939 3155 santii
958 3065 1104 3152 Stephani,
1126 3069 1159 3130 de

285 3157 371 3220 medio
384 3157 491 3218 mundi.

212 3242 262 3308 IV
288 3245 341 3329 (xj,
362 3244 426 3327 xij).
452 3239 637 3334 Dejudario
660 3245 758 3326 capitis
781 3243 953 3306 Domini&
974 3241 1031 3305 alio
1054 3241 1159 3305 maiore

284 3335 366 3397 linteo
380 3334 510 3422 asantta
524 3331 636 3396 Maria
650 3333 775 3416 confedo.

228 3424 261 3486 V
286 3423 360 3505 (xxj,
373 3444 424 3501 xv,
437 3423 501 3504 xvj,
516 3423 588 3502 xiv).
603 3422 652 3483 De
662 3422 725 3484 locis
735 3422 813 3484 circa
824 3419 1023 3509 Hierusalem,
1037 3420 1069 3482 de
1080 3419 1159 3483 ualle

287 3509 431 3600 Iosophat,
435 3510 602 3599 sepulcrum
616 3508 671 3571 eius
686 3509 859 3590 aliorumque
873 3508 907 3570 {5
921 3506 1061 3593 scelestam
1074 3509 1159 3572 conti-

286 3613 374 3678 nente,
387 3598 416 3660 in
431 3621 488 3681 qua
492 3596 611 3687 sepulta
614 3598 682 3682 suit
685 3599 791 3688 saneta
805 3597 927 3661 Maria.

212 3683 262 3750 VI
287 3686 382 3838 (iiiii
407 3686 469 3768 xx).
493 3686 542 3748 De
565 3685 630 3764 loco,
653 3687 701 3748 uhi
738 3687 868 3776 uspensus
891 3685 930 3770 est
952 3685 1050 3767 Iudas,
1071 3689 1106 3752 δ’
1126 3687 1159 3750 de

320 3777 468 3838 hademar.

197 3861 263 3929 VII
288 3865 373 3948 (xxij,
383 3865 469 3946 xxiij,
479 3865 561 3941 xxiv,
571 3865 653 3943 xxv).
665 3864 714 3925 De
724 3877 809 3925 monte
822 3863 940 3942 oliveti,
949 3866 984 3927 ὅ
995 3862 1109 3949 ecclesta
1121 3862 1162 3924 ibi

279 3954 490 4107 ἒιηᾶατιξζὸὲ
497 3953 637 4054 Dominus
654 3954 697 4103 ,od
711 3951 777 4015 celos
791 3953 921 4042 ascendit,
940 3954 972 4014 de
991 3967 1160 4016 monumento

319 4067 408 4107 anari
489 4056 598 4105 etertea
612 4065 654 4104 ecc
667 4065 680 4104 e
694 4061 733 4104 ta.

181 4129 264 4198 vul
288 4132 352 4216 (lib.
367 4131 435 4210 sec,
444 4133 469 4215 j,
482 4131 514 4215 ij,
529 4132 572 4214 iij,
585 4132 626 4209 iv,
638 4040 723 4214 ij,
737 4130 801 4213 vij).
815 4130 865 4192 De
872 4127 932 4216 sttu
943 4129 1109 4210 Bethlehem,
1122 4136 1157 4197 δ’

290 4220 454 4300 deusdona,
478 4221 527 4282 uhi
549 4235 630 4282 natus
644 4221 711 4304 suit
733 4220 885 4299 Dominus,
909 4221 944 4282 δέ
970 4222 1004 4283 de
1018 4220 1159 4310 sepulcris

291 4310 402 4377 David
407 4313 441 4374 ὅ
452 4308 619 4394 Hieronymi
627 4312 661 4373 {sl
671 4310 758 4373 trium
771 4311 916 4394 pastorum
926 4332 1026 4372 necnon
1038 4309 1157 4373 Rachel.
