3390 5720
439 573 441 588 Ι
542 631 606 681 112
664 691 667 698 ⁴
837 626 1060 680 Ancouusus
1078 625 1253 679 unsrun

534 865 692 938 XXXVII.
706 869 808 937 Horeb
826 866 857 936 ὃ
871 871 895 935 S
897 873 959 954 inu,
971 871 1050 958 forts
1066 868 1202 964 Mot'fir,
1217 893 1353 937 cacumen
1371 873 1485 937 montis
1501 895 1567 936 curn

979 980 1126 1044 oratorio.

584 1159 844 1232 Perambulantes
856 1185 1014 1250 eremum,
1025 1163 1146 1232 ottavo
1159 1158 1213 1231 die
1226 1160 1375 1232 venimus
1388 1157 1432 1231 ad
1445 1159 1571 1247 Iocum,
1653 1219 1654 1254 ,

534 1263 592 1336 ubi
608 1267 735 1358 Moyses
758 1266 800 1338 de
826 1290 918 1363 petra
935 1265 1045 1338 eduxit
1070 1293 1203 1364 aquam,
1224 1267 1259 1338 &
1275 1264 1394 1338 exinde
1414 1266 1569 1338 venimus

534 1371 576 1443 ad
596 1397 747 1445 montem
765 1374 829 1444 Dei
841 1377 955 1462 Horeb,
972 1376 1008 1444 ἃ
1024 1371 1101 1446 inde
1123 1399 1305 1465 moventes,
1324 1397 1359 1446 ut
1374 1370 1566 1446 ascendere·

533 1506 604 1550 mus
616 1505 765 1551 montem
774 1485 861 1567 Sina,
877 1505 953 1552 ecce
966 1479 1144 1552 multitudo
1158 1480 1445 1552 monachorum&
1454 1483 1569 1552 eremi·
1654 1569 1655 1574 ἵ

534 1609 649 1658 tarum.
673 1588 764 1658 Cum
791 1583 939 1658 crucibus
970 1586 1142 1683 psallentes
1170 1584 1386 1660 obviaverunt
1410 1586 1509 1660 nobis
1534 1589 1570 1657 ἃ

534 1694 684 1789 prostrati
700 1695 733 1764 in
752 1719 871 1764 tertam
889 1691 1109 1764 adoraverunt
1126 1718 1196 1765 nos.
1213 1694 1316 1767 Simili
1332 1693 1438 1765 modo
1456 1697 1493 1765 ἀ
1510 1719 1571 1765 nos

534 1799 688 1871 facientes
700 1800 952 1873 lacrimavimus.
961 1801 1057 1870 Tunc
1065 1799 1315 1872 introduxerunt
1328 1827 1391 1873 nos
1403 1801 1438 1872 in
1451 1801 1572 1872 vallem
1655 1880 1656 1902 χ

533 1906 618 1977 inter
635 1905 751 1978 Horeb
767 1909 802 1977 δι
815 1907 902 1994 Sina,
919 1905 962 1977 acl
978 1907 1068 1977 cuius
1080 1908 1203 1978 montis
1216 1907 1337 2004 pedem
1355 1909 1400 1978 est
1407 1913 1489 2000 fons
1507 1909 1571 1997 ille,
1655 1903 1656 1910 '

534 2011 591 2084 ubi
610 2017 747 2109 Moyses
764 2010 951 2108 adaquabat
964 2039 1054 2104 oves,
1067 2011 1205 2108 quando
1223 2012 1305 2084 vidit
1321 2011 1440 2087 tubum
1454 2013 1571 2086 arden-

535 2143 615 2211 tem,
632 2121 690 2215 qui
708 2120 782 2191 fons
798 2119 938 2191 inclusus
961 2121 1006 2190 est
1028 2120 1113 2190 intra
1130 2121 1375 2212 monasterium,
1396 2119 1491 2216 quod
1508 2151 1571 2194 nro·

533 2232 689 2320 nestert‘urn
716 2224 936 2298 circumdatur
957 2227 1057 2298 muris
1079 2228 1255 2299 munitis:⁶
1274 2228 1308 2298 in
1330 2253 1399 2322 quo
1417 2227 1493 2300 sunt
1510 2253 1571 2300 tres

536 2331 669 2405 abbates
688 2335 822 2406 scientes
840 2333 981 2430 linguas,
994 2332 1060 2403 hoc
1077 2333 1132 2424 est,
1145 2333 1292 2422 latinam,
1306 2358 1454 2431 grecam,
1467 2335 1572 2428 syram

535 2443 570 2511 ἃ
588 2441 798 2538 egyptiacam
819 2444 854 2511 ὅ(
870 2437 1029 2532 bessam,⁶
1045 2437 1099 2510 vel
1115 2439 1209 2510 multi
1224 2439 1415 2535 interpretes
1432 2438 1572 2539 fingule-

535 2573 609 2617 tum
634 2547 831 2644 linguarum.
860 2550 893 2616 In
921 2570 989 2642 quo
1011 2545 1084 2615 sunt
1106 2543 1240 2618 condite
1265 2547 1519 2618 monachorum.
1541 2545 1575 2617 Et

535 2651 741 2726 ascendimus
758 2654 792 2724 in
809 2678 925 2724 monte
938 2654 1099 2724 continuo
1117 2651 1217 2723 millia
1234 2654 1304 2742 tria,
1317 2655 1352 2722 δι
1366 2655 1520 2725 venimus
1533 2649 1575 2724 ad

535 2760 735 2857 speluncam,
748 2757 805 2831 ubi
817 2757 1027 2830 absconditus
1045 2759 1105 2830 brit
1119 2757 1231 2830 Helias
1246 2759 1420 2855 propheta,
1434 2759 1574 2856 quando

436 2859 439 2870 ’
537 2867 710 2965 fugitante
729 2864 860 2938 Iezabel.
874 2869 962 2938 Ante
977 2866 1081 2962 ipsam
1094 2865 1285 2961 speluncam
1297 2865 1398 2963 surgit
1411 2865 1499 2958 sons,
1515 2867 1572 2962 qui

535 2974 647 3072 irrigat
665 2997 827 3046 montem
845 2972 924 3044 Inde
941 2971 1143 3044 ascendimus
1162 2971 1265 3043 millia
1279 2973 1442 3042 continuo
1459 2974 1523 3043 tria
1538 2975 1572 3042 in

536 3080 700 3152 summum
717 3080 839 3150 montis
856 3104 1029 3170 cacumen,
1051 3079 1085 3148 in
1108 3103 1176 3174 quo
1198 3078 1243 3150 est
1265 3079 1447 3148 oratorium
1463 3078 1574 3150 modi·

536 3211 613 3258 cum
640 3184 764 3259 habens
791 3183 891 3282 pedes
915 3186 969 3257 sex
994 3187 1029 3256 in
1054 3183 1274 3284 longitudine,
1307 3182 1448 3255 fimilitet
1478 3188 1514 3255 &
1540 3187 1574 3254 in

533 3292 714 3365 latitudine.
740 3298 774 3364 In
801 3317 870 3388 quo
897 3291 1004 3364 nullus
1029 3317 1161 3362 manere
1187 3291 1397 3389 presumitut3
1424 3288 1480 3362 sed
1498 3316 1573 3362 orto

534 3400 602 3470 iam
618 3398 683 3490 die,
701 3395 882 3471 ascendunt
898 3397 1056 3470 monachi
1072 3396 1115 3468 de
1132 3397 1228 3496 supra
1254 3395 1344 3468 dislo
1370 3396 1572 3470 monasterio

535 3509 571 3578 &
592 3505 716 3578 faciunt
739 3531 824 3604 opus
840 3508 915 3579 Dei.
941 3510 975 3576 In
1002 3530 1070 3601 quo
1090 3505 1168 3574 Ioco
1193 3503 1288 3574 multi
1305 3528 1367 3600 pro
1392 3500 1573 3575 devotione

536 3611 677 3685 tondent
701 3613 837 3711 capillos
861 3615 936 3685 suos
960 3616 996 3685 ὅ(
1020 3608 1168 3704 barbam,
1194 3608 1250 3681 ubi
1273 3612 1395 3709 &ego
1419 3611 1513 3708 tetigi
1539 3613 1573 3680 ἀ

535 3720 670 3795 totondi
685 3717 832 3794 barbam.

632 3961 804 4034 XXXVIII.
830 3964 908 4032 Sina
923 3959 955 4030 6⁴
971 3963 1086 4047 Horeb,
1122 3966 1210 4053 eflum
1226 3963 1250 4030 S
1251 3986 1472 4032 macenorum.

586 4147 683 4220 Mons
711 4151 789 4218 St'na
813 4146 960 4246 petrosus
989 4145 1044 4237 eu,
1073 4171 1147 4216 raro
1173 4141 1296 4218 habens
1320 4167 1454 4216 terram:
1480 4145 1517 4214 δι
1539 4143 1574 4214 in

538 4253 674 4326 circuitu
695 4257 763 4330 eius
782 4255 897 4328 cellule
920 4253 1022 4326 multe
1038 4253 1206 4327 servorum
1224 4252 1305 4346 Dei,
1328 4248 1469 4324 similiter
1485 4251 1522 4320 ἀ
1538 4251 1573 4321 in

574 4501 597 4538 ι
614 4487 644 4538 G.
658 4483 776 4554 murum
791 4482 902 4538 turritis?
916 4511 948 4524 -
962 4485 987 4536 b.
1003 4483 1041 4537 AI.
1058 4484 1093 4536 &c
1109 4481 1213 4552 persam.
