3432 5710
645 573 751 672 (5¹8)
1148 601 1213 678 199

185 801 218 861 in
233 801 282 862 via
292 796 476 877 obsisterent,
490 820 553 861 non
560 813 680 862 tantum
691 799 852 883 spoliaillis
861 801 987 884 pacifice
995 805 1217 886 concedebant,

186 886 235 949 sed
248 883 352 971 siquid
365 890 474 970 praedae
486 885 539 971 ipsr
551 889 980 972 immemores-relinquerent,
995 895 1215 974 praedatoribus

184 976 273 1039 hilari
286 975 372 1038 vultu
384 977 586 1060 porrigebant.
598 974 646 1039 Illi
658 978 907 1042 autemvidentes
919 978 1090 1043 sandlorum
1103 983 1215 1046 bonam

186 1060 420 1147 simplicitatem,
431 1066 552 1128 veniam
564 1065 761 1148 supplicando
769 1065 1009 1149 commissorum,
1020 1091 1082 1132 non
1095 1087 1214 1134 tanturn

185 1154 352 1216 reddebant
363 1156 406 1218 eis
417 1153 476 1234 sua,
490 1155 538 1217 sed
551 1175 603 1220 eos
615 1157 829 1219 conducebant
839 1157 1005 1240 usquedum
1022 1161 1217 1239 pervenirent

185 1243 222 1305 ad
239 1258 312 1306 tuta
335 1243 553 1308 Consummato
569 1244 691 1306 tandem
708 1245 823 1308 itineris
835 1245 931 1325 cursu,
943 1245 1134 1332 lerosolimam
1146 1271 1215 1332 per-

183 1349 341 1395 venerunt.
373 1331 498 1420 Quibus
521 1334 676 1395 civitatem
697 1334 935 1414 introeuntibus,
960 1338 1094 1399 occurrit
1114 1339 1215 1401 omnis

185 1420 318 1502 populus
334 1420 487 1504 psallendo
499 1423 529 1482 in
541 1421 667 1485 canticis
679 1421 709 1484 δι
719 1423 840 1505 hymnis
851 1422 938 1505 super
948 1423 1079 1487 adventu
1093 1447 1215 1504 eorum;

185 1508 216 1570 δι
231 1511 272 1571 ita
284 1530 357 1571 corn
371 1508 483 1572 celebri
499 1531 613 1592 pompa
626 1509 771 1572 conducti
787 1509 853 1573 sunt
868 1512 897 1573 in
910 1513 1059 1595 templum
1073 1513 1214 1579 Domini.

185 1596 254 1682 Qui
276 1598 415 1680 quamvis
441 1614 526 1660 tanto
554 1593 662 1659 itinere
682 1597 836 1681 defatigati
864 1597 998 1678 fuissent,
1023 1622 1085 1664 non
1110 1602 1215 1667 mollia

183 1685 274 1748 strata
287 1686 467 1768 quaesierunt
486 1686 537 1748 ubi
558 1686 757 1770 quiescerent,
777 1686 825 1749 sed
846 1688 877 1750 in
898 1690 981 1750 nudo
1005 1690 1110 1773 templi
1127 1693 1212 1774 pavi-

184 1790 290 1836 mento
315 1773 469 1857 prostrati,
493 1774 593 1837 triduo
615 1795 721 1856 preces
745 1774 810 1838 suas
834 1776 1106 1858 continuaverunt,
1134 1783 1212 1843 adeo

183 1863 318 1928 coelestia
335 1864 578 1946 contemplantes
597 1866 679 1946 quod
701 1880 890 1926 terrenorum
911 1867 1031 1947 penitus
1045 1863 1139 1931 essent
1155 1869 1212 1931 im-

184 1975 344 2016 memores.
367 1949 487 2014 Interea
506 1967 588 2016 totus
603 1952 702 2016 clerus
717 1968 831 2015 attente
845 1953 1035 2035 expediabat,
1055 1958 1106 2038 qui
1129 1957 1212 2020 sanc-

183 2058 286 2105 torum
302 2061 393 2125 quam
413 2040 513 2103 sedem
529 2042 667 2103 oratione
685 2040 771 2104 finita
787 2038 840 2102 fibi
856 2041 1012 2124 eligerent,
1033 2061 1067 2105 ur
1082 2045 1111 2106 in
1126 2044 1209 2108 elec·

183 2131 267 2194 tione
282 2129 397 2192 sedium
411 2145 561 2208 notarent,
575 2127 650 2192 srcu't
664 2129 785 2193 coelitus
800 2149 853 2211 per
867 2130 1023 2212 Angelum
1038 2136 1208 2214 praemoniti

183 2220 311 2296 fuerant,
326 2239 418 2300 quem
433 2216 555 2279 illorum
570 2219 686 2281 caeteris
701 2219 860 2299 praelatum
875 2217 1102 2283 constituerent.

226 2305 352 2369 «Erant
374 2307 404 2368 in
428 2306 544 2387 templo
559 2307 596 2368 ab
614 2307 748 2390 antiquis
769 2306 957 2387 temporibus
980 2322 1040 2370 tres
1059 2310 1212 2375 cathedrae

183 2395 347 2458 senioribus
362 2394 541 2457 constituta.
564 2393 645 2456 Dua:
660 2393 779 2458 diversis
796 2393 926 2458 metallis
941 2395 971 2458 δι
986 2395 1062 2458 miro
1078 2399 1210 2463 artificio

183 2483 346 2561 fabricatae,
355 2484 442 2545 tertia
452 2483 577 2545 cedrina
586 2481 662 2544 nihil
674 2482 771 2544 ornati
783 2481 897 2545 habens
907 2481 1091 2548 extrinsecus
1101 2503 1211 2567 praeter

183 2571 588 2655 hocquodnaturadederar.
606 2569 713 2656 Quam
724 2570 873 2632 humilem
884 2570 1211 2660 humilisEliudelegit

183 2659 235 2724 srbi
252 2662 282 2726 in
297 2659 407 2739 sedem,
426 2656 623 2742 pretiosiores
637 2659 811 2721 concedens
830 2657 971 2722 fratribus
986 2675 1110 2743 propter
1124 2684 1209 2727 reve-

182 2749 319 2810 rentiam.
336 2747 413 2834 Quo
425 2747 486 2810 viso
502 2769 608 2811 omnes
623 2747 666 2809 illi
679 2746 731 2830 qui
742 2746 868 2808 aderant
878 2746 1056 2810 ceciderunt
1070 2749 1100 2810 in
1117 2752 1209 2816 sacies

183 2835 247 2900 suas
256 2854 324 2900 ante
333 2837 467 2900 sanetum
476 2835 735 2916 Eliud,dicentes:
750 2861 762 2893 ι
776 2834 980 2913 salveranere
989 2834 1050 2897 Dei
1059 2836 1211 2921 Teliawe,

184 2951 197 2982 ι
212 2925 386 2988 &concede
396 2925 652 2988 utvaleantnobis
662 2941 721 2987 tuae
733 2944 838 3005 preces
850 2925 929 3006 apud
939 2923 1127 3003 Dominum,
1139 2929 1211 3011 quia

184 3041 197 3074 ‹
211 3016 303 3078 hodie
316 3035 378 3096 prae
389 3015 503 3078 caeteris
515 3013 690 3076 sublimatus
701 3035 733 3077 es
744 3014 947 3079 confratribus
959 3016 1029 3094 tuis,
1037 3010 1167 3078 residens
1179 3015 1210 3081 in

184 3129 197 3162 ι
212 3102 279 3166 sede
288 3102 417 3165 Domini
426 3101 517 3165 nostri
530 3101 593 3164 lesu
603 3101 724 3180 Christi,
735 3103 766 3164 in
774 3123 835 3185 qua
843 3104 979 3184 patribus
987 3103 1093 3167 nostris
1102 3102 1211 3186 praedi-

185 3219 198 3250 ι
212 3192 299 3254 cahat
310 3213 435 3274 regnum
445 3191 517 3253 Dei.
529 3216 541 3248 s
555 3189 875 3274 Etrogaverunteum,
884 3192 1026 3274 quatinus
1035 3193 1072 3254 ad
1084 3191 1210 3254 instruc·

182 3283 298 3344 tionem
317 3281 463 3342 virtutum
487 3279 663 3361 parabolam
683 3280 726 3342 eis
741 3279 857 3342 diceret
871 3279 909 3341 de
924 3279 1062 3356 Christ0;
1083 3296 1117 3343 ut
1135 3277 1210 3343 srcut

182 3371 269 3432 illum
278 3368 412 3432 imitatus
424 3368 521 3431 suerat
532 3367 563 3429 in
575 3367 718 3429 cathedra
726 3364 1032 3446 resrdendo,eundem
1040 3368 1210 3446 imitaretur

182 3457 212 3518 irr
233 3456 438 3539 praedicanda.
461 3453 529 3540 Qui
547 3455 653 3518 videns
667 3477 805 3517 amorem
820 3455 914 3518 divini
929 3456 1014 3517 verbi
1032 3455 1159 3538 flagrare
1177 3457 1208 3520 in

180 3546 323 3610 cordibus
335 3565 451 3622 eorum,
466 3546 544 3608 miro
564 3545 659 3606 modo
674 3543 901 3622 sollicitabatur,
915 3565 977 3608 non
990 3544 1072 3627 quod
1084 3543 1210 3609 nesciret

180 3635 264 3718 quod
279 3634 415 3711 doceret,
428 3631 476 3694 sed
492 3632 651 3694 dubitabat
664 3633 746 3714 quod
762 3650 941 3714 rogaverant
956 3632 1085 3716 qualiter
1098 3633 1141 3695 eis
1155 3653 1209 3694 ex·

181 3721 309 3803 pediret,
327 3741 398 3784 cum
418 3719 530 3804 linguae
550 3719 673 3782 illorum
688 3721 809 3802 penitus
823 3739 932 3802 expers
946 3717 1053 3782 fuisset.
1075 3716 1209 3803 lncoepit

182 3826 283 3872 tamen
299 3809 416 3872 sanstus
432 3809 525 3872 sacras
540 3807 708 3891 Scripturas
722 3829 887 3891 exponere,
902 3823 935 3870 ut
950 3806 1128 3870 satisfaceret
1142 3808 1211 3892 sup·

181 3897 306 3980 plicanti
321 3895 454 3980 populo;
469 3899 511 3959 ita
525 3913 558 3960 ut
570 3896 770 3980 unusquisque
781 3896 1058 3959 circumastantium
1069 3897 1210 3961 audirent

181 3986 266 4048 illum
279 3987 329 4048 sua
340 3985 443 4068 lingua
453 3984 640 4070 loquentem.
658 3985 779 4049 Omnes
790 4000 891 4047 autem
901 3987 953 4068 qui
966 4005 1037 4048 eum
1047 3986 1211 4049 audiebant

181 4076 405 4157 praedicantem,
415 4089 498 4138 tanta
508 4074 670 4136 dulcedine
683 4074 826 4136 sermonis
836 4073 919 4136 illius
931 4071 1114 4152 suntaffeeti,
1125 4075 1208 4156 quod

180 4165 210 4225 in
220 4180 446 4245 quantumeum
456 4163 570 4226 diutius
578 4162 728 4241 audirent,
740 4161 834 4244 magis
843 4160 996 4244 magisque
1008 4159 1095 4223 illum
1106 4161 1209 4225 audire

180 4251 389 4315 defiderarent.
411 4250 469 4314 Sed
481 4252 604 4314 tandem
616 4249 775 4334 postquam
787 4249 892 4312 refesti
904 4248 970 4312 sunt
981 4245 1111 4312 univers
1122 4248 1210 4331 sapo-

180 4341 268 4404 rifera
282 4339 362 4403 illius
373 4338 524 4419 dodirina,
538 4360 577 4401 ne
593 4337 775 4421 praedicandi
787 4337 923 4401 officium
931 4337 1086 4401 videretur
1101 4337 1210 4419 praesu·
