3434 5704
503 555 548 637 50
962 536 1068 635 (32⁶)

500 750 537 811 ab
553 750 596 813 eis
611 748 709 811 voluit
724 748 796 812 scire
811 749 893 832 quod
909 748 1068 811 nesciebat.
1094 748 1151 812 Sed
1167 770 1238 810 cum
1253 749 1363 814 veritas
1380 751 1422 812 rei
1438 751 1532 814 abeis

498 838 582 901 nulla
605 839 723 900 ratione
747 838 842 921 posset
864 839 1041 920 investigari,
1066 837 1216 900 continuo
1232 839 1307 900 iussit
1332 859 1443 902 omnes
1465 841 1534 923 igne

497 928 638 1005 cremari,
659 943 693 988 ut
707 926 754 988 vel
772 923 810 988 stc
825 948 878 988 eos
893 941 1017 1008 cogeret
1033 927 1157 988 monitis
1173 927 1299 988 obedire
1314 926 1437 1006 divinis,
1456 950 1533 1011 quos

498 1017 535 1078 ad
550 1019 611 1078 hoc
624 1037 682 1078 nec
698 1015 913 1078 blandimentis
929 1031 1046 1096 poterat
1062 1036 1229 1096 provocare
1243 1037 1301 1078 nec
1317 1016 1418 1078 minis.
1439 1014 1531 1080 ludaei

500 1122 602 1168 autem
627 1103 745 1166 sibimet
769 1103 840 1166 inde
855 1104 1008 1181 timentes,
1032 1103 1060 1165 dt
1086 1105 1186 1165 vivere
1211 1103 1313 1185 potius
1338 1126 1433 1187 quam
1456 1107 1532 1168 mori

499 1195 667 1277 cupientes,
689 1194 822 1270 tandem,
847 1193 882 1253 ad
906 1189 1123 1254 ostendendam
1149 1193 1201 1254 sibi
1224 1193 1386 1256 veritatem
1410 1196 1534 1272 nudam,

501 1303 555 1367 pro
577 1281 605 1343 se
627 1281 769 1344 omnibus
792 1281 979 1344 tradiderunt
1001 1278 1119 1344 Iudam.
1145 1279 1253 1366 Quem
1275 1302 1349 1343 cum
1370 1303 1429 1344 nec
1445 1283 1533 1345 minis

501 1389 622 1450 terrere,
645 1391 702 1432 nec
724 1368 939 1434 blandimentis
959 1370 1070 1433 adhoc
1086 1370 1181 1451 posset
1195 1369 1328 1449 allicere,
1353 1386 1387 1434 ut
1401 1367 1464 1434 v'eri
1479 1371 1534 1433 ali·

502 1461 574 1543 quid
588 1460 658 1522 inde
670 1460 761 1523 vellet
770 1462 882 1539 dicere,
893 1461 1041 1524 continuo
1050 1458 1210 1542 suscipiens
1222 1460 1260 1520 de
1271 1459 1416 1524 omnibus
1429 1483 1534 1539 unum,

503 1572 557 1632 per
577 1548 690 1628 septem
708 1551 772 1612 dies
793 1550 870 1612 iussit
888 1570 958 1610 eum
978 1549 1008 1611 in
1030 1548 1097 1611 lacu
1118 1548 1225 1611 servari
1249 1549 1408 1626 ieiunium,
1427 1547 1534 1632 usque-

502 1661 575 1720 quo,
599 1636 712 1720 septem
735 1638 841 1700 diebus
862 1636 1003 1716 evolutis,
1026 1659 1062 1699 ea
1082 1637 1201 1699 ratione
1223 1637 1292 1698 inde
1314 1635 1342 1699 se
1369 1637 1534 1718 postularet

503 1727 602 1803 educi,
624 1741 657 1788 ut
678 1726 812 1788 debitam
832 1725 1006 1789 servitutem
1030 1726 1207 1788 Dominicae
1227 1724 1420 1807 impenderet
1438 1728 1533 1788 cruci.

505 1815 572 1902 Qui
597 1836 668 1876 cum
693 1817 729 1877 ad
752 1817 817 1876 haec
840 1814 931 1878 verba
952 1815 989 1877 de
1010 1813 1078 1877 lacu
1103 1812 1201 1876 suisset
1221 1814 1361 1892 edusius,
1384 1816 1533 1877 continuo

504 1903 681 1969 Christianis
709 1904 854 1985 gaudium
878 1904 907 1968 dt
930 1901 1041 1966 ludaeis
1062 1919 1146 1966 ortus
1170 1902 1213 1964 est
1239 1901 1356 1978 ludium
1388 1905 1533 1985 quoniam

503 2014 611 2054 omnes
625 1988 720 2052 Iudaei
735 1991 788 2073 qui
803 2007 1013 2053 convenerant
1033 1991 1072 2052 ibi
1089 1989 1265 2053 invidebant
1285 1989 1375 2052 nobis
1396 1989 1427 2051 dt
1446 1992 1535 2053 time-

505 2082 577 2143 bant
590 2079 652 2142 fibi.
668 2079 724 2142 Sed
741 2077 792 2140 ille
807 2080 860 2162 qui
874 2079 916 2142 est
926 2078 1002 2142 salus
1016 2077 1116 2140 nostra
1132 2079 1161 2140 in
1177 2094 1315 2160 tempore
1330 2077 1531 2142 tribulationis

505 2167 623 2242 (Psalm.
646 2165 813 2246 XXXVI),
840 2168 975 2230 misertus
996 2167 1093 2244 eis&
1112 2166 1249 2231 misertus
1275 2165 1318 2228 est
1338 2167 1439 2248 nobis,
1461 2169 1534 2230 dum

504 2255 665 2321 conversus
680 2257 716 2318 ad
733 2277 789 2318 nos
810 2255 985 2321 &reversus
1000 2257 1037 2320 ad
1053 2278 1116 2334 eos,
1140 2277 1175 2318 ea
1197 2256 1245 2318 die
1265 2255 1364 2318 voluit
1384 2255 1535 2319 laetificare

505 2345 693 2411 Christianos
708 2344 737 2408 dt
753 2343 926 2407 illuminare
940 2343 1069 2410 ludaeos.

547 2460 559 2490 ι
575 2433 635 2496 Pro
656 2435 713 2496 bac
729 2433 819 2516 igitur
831 2433 928 2512 causa,
942 2455 1013 2495 curn
1029 2431 1111 2510 illuc,
1127 2432 1177 2493 ubi
1193 2432 1279 2494 locus
1297 2447 1364 2496 etat
1378 2431 1537 2510 Calvariae,

508 2522 643 2607 undique
657 2518 856 2584 concurrisset
881 2522 969 2584 turba
994 2520 1090 2604 plebis
1115 2521 1239 2598 bisariae,
1263 2521 1444 2584 contrahere
1470 2541 1535 2603 pars

505 2613 602 2695 coepit
616 2610 653 2674 ad
666 2626 793 2693 partem,
808 2632 846 2672 ne
864 2631 916 2692 per
927 2607 1104 2672 ludaeorum
1119 2611 1307 2692 impietatem
1322 2631 1369 2673 ars
1382 2609 1538 2672 deluderet

507 2716 610 2763 artem.
624 2697 716 2761 ludas
731 2715 833 2760 autem
847 2700 926 2761 inter
941 2715 1068 2762 caeteros
1081 2698 1160 2760 stans
1175 2699 1206 2761 in
1221 2697 1387 2780 conspedlu
1401 2697 1536 2760 filiomm

506 2790 677 2865 bominum,
699 2808 736 2848 ex
750 2787 859 2849 intimo
882 2788 982 2850 cordis
997 2787 1168 2849 orationem
1182 2786 1262 2848 hanc
1277 2785 1355 2848 fudit
1370 2786 1405 2847 ad
1423 2784 1537 2849 Domi·

507 2899 591 2954 num,
610 2891 759 2958 quatenus
775 2873 835 2957 ipse
850 2871 903 2936 srbi
918 2875 1081 2937 monstrare
1096 2875 1273 2957 dignaretur
1287 2874 1339 2936 ubi
1353 2871 1427 2936 esset
1441 2875 1539 2938 crucis

509 2965 686 3029 Dominicae
710 2960 793 3041 solla,
817 2963 869 3045 qui
894 2962 996 3112 Mllyfi
1017 2964 1173 3046 quondam
1199 2963 1292 3045 patris
1313 2962 1406 3024 nostri
1430 2961 1539 3045 loseph

509 3052 664 3116 ostendere
686 3052 826 3134 dignatus
847 3049 930 3112 esto
954 3072 980 3112 a
1003 3050 1060 3113 Sed
1081 3051 1227 3132 quoniam
1243 3049 1376 3112 eiusdem
1394 3049 1456 3114 loci
1471 3071 1538 3113 eer-

510 3157 575 3204 tum
585 3161 648 3202 non
661 3155 780 3222 poterat
792 3139 926 3203 invenire
940 3139 1109 3222 vestigium,
1123 3134 1176 3200 nist
1192 3138 1295 3200 divina
1306 3138 1402 3220 pietas
1417 3138 1539 3202 coeleste

509 3229 633 3312 aliquod
649 3227 742 3291 vellet
756 3227 963 3291 demonstrare
979 3228 1162 3312 prodigium,
1177 3226 1247 3289 ideo
1263 3228 1299 3287 ad
1316 3227 1538 3290 informandam

509 3341 572 3382 non
587 3318 778 3380 credentium
792 3316 875 3400 spem
887 3317 1117 3381 &credentium
1133 3316 1226 3379 sidem
1241 3315 1339 3378 subito
1351 3315 1439 3381 locus
1454 3339 1538 3379 com-

511 3423 612 3468 motus
627 3405 669 3467 est
691 3406 783 3468 idem.
807 3401 933 3487 Insuper
953 3406 1056 3484 etiam,
1076 3407 1112 3468 ad
1128 3403 1346 3467 declarandum
1361 3403 1538 3468 Dominicae

510 3495 608 3558 crucis
623 3493 750 3577 lignum,
770 3492 851 3555 aliud
867 3495 1015 3556 continuo
1035 3494 1170 3557 secutum
1190 3491 1233 3555 est
1245 3491 1373 3576 signum,
1395 3495 1481 3572 duni,
1502 3496 1537 3556 ad

511 3581 717 3646 edomandum
729 3602 783 3645 cor
793 3579 967 3644 Iudaeorum
978 3583 1174 3661 indomitum,
1185 3581 1283 3644 statim
1296 3582 1334 3643 de
1345 3584 1457 3645 eodem
1468 3582 1539 3646 loco

510 3674 612 3735 sumus
627 3669 761 3733 ascendit
776 3687 955 3734 aromatum.
971 3667 1061 3734 ludas
1076 3687 1188 3750 autem,
1198 3671 1250 3753 qui
1267 3669 1350 3752 prius
1365 3671 1444 3733 inter
1457 3669 1539 3754 spem

512 3758 707 3843 pendebat&
727 3776 854 3837 metum,
877 3781 932 3842 pro
948 3779 1080 3825 moerore
1094 3761 1190 3842 coepit
1210 3759 1321 3822 habere
1342 3760 1489 3842 gaudium
1510 3760 1538 3823 dt

513 3869 568 3931 pro
583 3848 694 3931 gaudio
708 3848 824 3925 fletum,
847 3849 957 3931 gratias
981 3847 1125 3910 videlicet
1148 3869 1238 3932 agens
1254 3846 1327 3910 Deo
1342 3847 1372 3908 in
1398 3847 1539 3910 universis

512 3958 581 4018 quae
601 3935 731 4018 gloriose
752 3936 865 4001 fiebant
885 3938 922 3999 ab
946 3958 992 3998 eo.
1019 3935 1143 3999 Deinde
1162 3936 1198 3998 ad
1221 3951 1332 3998 terram
1347 3933 1375 3996 se
1390 3935 1538 3999 inclinans

512 4023 676 4104 humiliter,
697 4022 820 4088 solsorio
836 4043 967 4108 arrepto,
991 4025 1094 4088 sodere
1108 4027 1203 4108 coepit
1218 4025 1365 4088 viriliter:
1381 4025 1428 4088 sed
1445 4024 1537 4108 &alij

514 4112 580 4194 post
601 4112 676 4176 alios
700 4115 816 4177 tamdiu
840 4135 911 4195 pum
932 4135 970 4176 eo
991 4115 1095 4176 sodere
1116 4129 1277 4196 coeperunt
1301 4113 1458 4197 usquequo
1484 4134 1539 4196 pro

514 4221 573 4262 una
584 4221 684 4279 cruce,
695 4223 787 4284 quam
798 4203 984 4286 quaerebant,
994 4217 1054 4266 tres
1066 4204 1178 4284 pariter
1190 4203 1381 4265 invenerunt.
1397 4202 1431 4267 O
1447 4222 1538 4285 quam

513 4288 632 4354 mira&
653 4289 789 4354 inaudita
809 4311 866 4369 res,
888 4291 971 4373 quod
986 4311 1060 4353 crux
1075 4310 1136 4352 una
1149 4291 1348 4374 quaerebatur,
1362 4291 1393 4354 dt
1407 4292 1538 4354 inventae
