3434 5704
489 561 538 642 42
956 537 1062 642 (3²⁶)

493 793 599 858 tatem,
612 779 663 840 ubi
679 779 744 841 lraec
760 777 909 861 particula
923 778 1097 857 servaretur,
1112 777 1141 840 in
1154 777 1203 840 sua
1212 777 1317 857 statua,
1330 775 1408 840 licut
1422 779 1526 855 fertur,

493 868 524 929 in
548 869 615 929 soro
630 866 824 930 Constantini
853 863 947 948 polita
971 865 1058 946 super
1080 866 1257 928 columnam
1279 868 1525 950 porphyreticam

493 956 604 1018 devote
625 957 774 1018 condidit.
796 953 960 1037 Reliquam
982 975 1055 1017 vero
1077 971 1194 1037 partem
1218 957 1247 1017 in
1269 973 1415 1039 argentea
1438 957 1525 1017 tlreca

492 1043 624 1106 clausam
649 1045 780 1107 civitatis
806 1044 928 1106 tradidit
952 1043 1097 1106 sacerdoti
1123 1043 1153 1106 δι
1177 1045 1312 1128 undique
1337 1063 1525 1127 congregans

494 1130 635 1209 artifices,
650 1132 796 1193 maximas
812 1129 876 1192 illic
890 1129 1071 1214 ornatasque
1084 1129 1248 1194 aedificavit
1261 1129 1413 1195 ecclesias.

565 1263 748 1331 [Cassiodorus
766 1264 825 1334 Hifl.
839 1263 977 1333 tripartita,
990 1264 1006 1316 l.
1019 1265 1054 1330 ΙΙ,
1068 1283 1090 1317 c.
1103 1271 1131 1316 18
1148 1263 1264 1334 (Migne,
1278 1267 1347 1318 Patr.
1359 1265 1417 1330 lan,
1432 1260 1525 1328 lxix,

492 1364 514 1399 c.
534 1345 609 1414 936),
630 1362 705 1414 quem
729 1343 852 1412 exscriplit
871 1344 930 1412 Hist.
947 1343 1064 1412 miscella,
1083 1344 1099 1396 1.
1121 1347 1169 1410 xl,
1188 1362 1210 1398 c.
1231 1363 1270 1413 15,
1289 1347 1329 1400 ed.
1348 1343 1525 1416 Eyffenhardt,

493 1446 518 1498 p.
537 1427 607 1490 asu]

532 1564 632 1627 Cuius
654 1563 861 1646 [Constantini
877 1563 961 1646 imp]
985 1565 1173 1645 temporibus
1187 1566 1379 1648 completum
1390 1567 1437 1628 est
1449 1564 1522 1627 illud

492 1654 727 1736 propheticum:
754 1678 767 1711 ι
786 1649 822 1716 ln
847 1652 901 1716 illo
924 1654 974 1716 die
998 1654 1065 1732 erit,
1089 1655 1172 1738 quod
1189 1655 1276 1738 super
1298 1655 1419 1717 frenum
1443 1655 1523 1738 equi,

493 1741 628 1804 sandlum
652 1741 794 1805 Domino
821 1742 1058 1824 omnipotenti»
1087 1743 1208 1824 (Zacb,
1236 1763 1301 1822 xrv,
1332 1753 1392 1816 20).
1426 1739 1521 1830 Quod

494 1829 545 1892 illa
573 1829 682 1892 sanetae
707 1831 865 1894 memoriae
896 1829 1016 1892 Helena
1046 1848 1142 1895 mater
1163 1833 1239 1911 eius,
1265 1831 1363 1895 inluso
1387 1832 1439 1894 sibi
1462 1830 1521 1894 Dei

494 1917 610 1998 spiritu,
625 1919 781 1981 revelavit.

535 2032 547 2064 r
566 2005 678 2070 Beatus
701 2006 921 2071 Constantinus
950 2007 1000 2070 tali
1025 2023 1159 2091 parente,
1186 2027 1256 2092 quas
1277 2009 1438 2090 imperanti
1460 2006 1523 2070 filio

494 2093 589 2157 divini
606 2097 739 2158 muneris
759 2094 895 2178 quaesrvit
909 2097 1067 2176 auxilium,
1091 2119 1153 2180 quo
1175 2098 1254 2159 inter
1275 2097 1380 2179 praelia
1400 2115 1523 2182 quoque

492 2198 576 2247 tutus
596 2183 736 2248 affisteret
760 2185 789 2248 δι
814 2186 985 2266 periculum
1010 2207 1073 2248 non
1095 2188 1226 2248 timeret
1252 2183 1372 2269 Magna
1388 2186 1524 2263 fremine,

493 2295 562 2356 quae
577 2273 674 2336 multo
690 2273 821 2356 amplius
836 2276 954 2337 invenit
964 2277 1047 2359 quod
1064 2275 1240 2358 imperatori
1253 2275 1418 2353 conferret,
1433 2290 1524 2358 quam

493 2362 576 2444 quod
598 2361 636 2422 ab
661 2363 845 2444 imperatore
870 2365 1032 2446 acciperet.
1058 2355 1161 2425 llnxia
1180 2379 1277 2425 mater
1298 2383 1355 2443 pro
1375 2361 1453 2441 filio,
1476 2362 1524 2424 cui

494 2470 622 2533 regnum
644 2451 725 2514 orbis
749 2451 883 2514 Romani
905 2452 1040 2532 cellerat,
1061 2451 1212 2514 festinavit
1239 2449 1524 2539 Habroj'oljmam&

494 2536 623 2600 scrutata
636 2538 679 2600 est
693 2538 796 2602 locum
813 2539 991 2603 Dominicre
1007 2541 1153 2622 paffionis.

536 2653 548 2683 ι
573 2626 773 2690 stabulariam
803 2630 882 2691 banc
905 2630 1004 2711 prirno
1025 2627 1109 2691 fuiffe
1133 2627 1274 2708 afferunt,
1302 2627 1342 2692 stc
1368 2629 1524 2712 cognitam

375 2771 378 2776 r
494 2714 677 2778 Constantio
701 2715 821 2794 seniori,
850 2718 902 2800 qui
929 2718 1032 2799 postea
1055 2737 1184 2800 regnum
1208 2717 1336 2800 adeptus
1360 2713 1412 2779 ert
1439 2717 1525 2780 Bona

494 2802 663 2882 stabularia,
684 2825 753 2886 quae
779 2820 840 2867 tam
871 2805 1034 2888 diligenter
1056 2805 1187 2890 presepe
1213 2805 1341 2869 Domini
1363 2803 1525 2890 requilivit

494 2889 583 2952 Bona
597 2889 765 2970 stabularia,
785 2913 855 2975 quae
868 2891 1063 2955 stabularium
1078 2913 1140 2956 non
1155 2893 1306 2975 ignoravit
1320 2892 1417 2972 illurn,
1443 2919 1456 2950 ι
1474 2893 1525 2975 qui

495 3003 509 3038 ι
524 2979 651 3042 vulnera
664 2981 781 3042 curavit
795 3001 813 3043 a
825 2981 993 3044 latronibus
1008 2981 1156 3044 vulnerati
1171 3007 1183 3038 a
1202 2982 1303 3062 (Luc,
1314 3001 1346 3060 x,
1364 2985 1425 3066 34).
1441 2981 1526 3045 Bona

497 3067 666 3148 stabularia,
680 3091 749 3152 quae
761 3069 868 3132 maluit
886 3095 898 3128 ι
912 3069 1050 3133 estimari
1063 3069 1204 3150 stercora,
1218 3088 1252 3134 ut
1262 3071 1420 3135 Christum
1432 3069 1525 3134 lucri-

497 3181 509 3213 r
525 3157 635 3218 faceret
647 3182 659 3214 a
673 3155 993 3240 (Philip.,1n,8).lde0
1010 3158 1092 3221 illam
1104 3159 1241 3224 Christus
1253 3158 1291 3221 de
1301 3159 1436 3222 stercore
1446 3160 1525 3222 lera-

496 3245 541 3306 vit
556 3246 592 3306 ad
607 3265 735 3330 regnum
751 3245 916 3310 secundum
930 3247 1014 3330 quod
1030 3245 1173 3329 scriptum
1188 3245 1245 3310 est:
1273 3273 1285 3305 r
1303 3246 1393 3334 Quia
1406 3247 1525 3311 suscitat

497 3357 510 3390 ι
529 3334 567 3395 de
584 3349 661 3396 terra
676 3335 813 3417 inopem,
831 3335 913 3400 &de
932 3333 1066 3398 stercore
1079 3337 1170 3420 erigit
1182 3355 1349 3419 pauperem
1368 3361 1381 3394 s
1398 3335 1525 3414 (Pium,

495 3439 572 3502 Ἢ,
587 3431 626 3506 7)·

537 3535 549 3569 ι
575 3513 672 3576 Venit
696 3532 770 3596 ergo
792 3513 924 3592 Helena,
944 3515 1041 3596 coeplt
1064 3513 1190 3576 revisere
1210 3512 1279 3574 loca
1292 3511 1403 3590 sanae,
1417 3513 1525 3576 infudit

495 3601 521 3662 ei
545 3599 666 3683 spiritus
686 3617 720 3664 ut
741 3600 858 3685 lignum
877 3601 976 3665 crucis
994 3601 1172 3684 requireret,
1194 3601 1311 3664 aceedit
1330 3601 1367 3663 ad
1393 3600 1525 3684 Golgoda

496 3687 594 3751 &aim
613 3715 626 3747 ι
641 3688 724 3753 Ecce
735 3689 822 3753 locus
834 3709 955 3774 pugnae,
969 3690 1021 3753 ubi
1033 3687 1075 3753 est
1086 3689 1227 3752 vidioriai
1243 3688 1365 3776 Quaero
1380 3688 1523 3752 vexillum

497 3803 510 3834 ι
530 3777 631 3842 salutis
656 3777 685 3841 δι
711 3800 774 3841 non
801 3779 932 3840 invenio.
963 3775 1043 3862 Ego,
1068 3779 1178 3860 inquit,
1202 3778 1232 3840 in
1262 3780 1373 3862 regnis,
1397 3777 1428 3840 ἀ
1451 3799 1523 3840 crux

498 3865 661 3929 «Domini
686 3868 715 3929 in
742 3866 887 3949 pulverel
915 3887 972 3950 ego
998 3867 1028 3928 in
1052 3867 1160 3946 aureis,
1184 3865 1214 3930 δι
1238 3867 1268 3928 in
1294 3867 1389 3930 ruinis
1414 3865 1524 3931 Christi

498 3981 510 4012 ι
528 3953 717 4037 triumphus?
739 3953 790 4016 ille
814 3955 914 4017 adhuc
940 3953 1063 4018 latet&
1085 3954 1159 4017 latet
1180 3953 1281 4036 palma
1293 3956 1365 4017 vitae
1384 3954 1520 4018 aetmrael

498 4068 510 4100 ι
531 4041 705 4130 Quomodo
729 4063 778 4105 me
800 4045 990 4125 redemptam
1004 4042 1146 4122 arbitror,
1165 4043 1187 4107 fi
1201 4043 1374 4126 redemptio
1388 4043 1451 4127 ipsa
1463 4063 1522 4104 non

498 4154 511 4187 ι
529 4130 688 4193 cernitur?
707 4156 719 4188 2

539 4244 552 4276 ι
576 4219 674 4282 Vides
697 4220 771 4302 quid
795 4220 902 4302 egeris,
925 4217 1056 4298 diabole,
1075 4235 1108 4282 ut
1128 4219 1245 4304 gladius
1264 4241 1328 4303 quo
1350 4235 1523 4304 peremptus

485 4331 510 4368 ·r
529 4329 571 4389 es,
586 4307 797 4370 obstrueretur.
820 4307 877 4372 Sed
892 4305 973 4370 Isaac
989 4307 1160 4372 obstrut‘los
1175 4308 1213 4370 ab
1227 4308 1406 4392 alienigenis
1417 4325 1522 4394 puteos
