3396 5708
497 579 562 626 100
955 551 1062 647 (400)

609 787 674 852 Iarn
688 789 840 852 vocabant
853 789 993 851 homines
1008 787 1167 849 hominem
1182 785 1316 864 beatum,

651 877 760 966 Quem
773 879 878 940 divina
891 879 1031 940 viderant
1046 897 1123 939 voce
1138 873 1316 954 revelatum,

652 967 709 1030 Sed
725 967 869 1029 mirantes
884 965 1017 1028 maxime
1031 985 1125 1048 quare
1140 979 1202 1026 tam
1218 965 1380 1044 privatum,

654 1054 720 1143 Qui
737 1069 798 1117 tam
813 1055 905 1138 digne
920 1053 1077 1118 scanderet
1089 1053 1167 1116 celsa
1182 1053 1374 1136 dignitatum.

610 1144 736 1209 Sanetus
751 1159 854 1206 autem
867 1142 969 1226 clipeo
987 1141 1058 1204 fidei
1074 1142 1209 1205 munitus

649 1232 772 1296 Tamen
788 1230 874 1294 estin
890 1230 994 1315 aliquo
1009 1227 1091 1316 quast
1107 1233 1317 1314 impunitus,

657 1320 702 1384 Ut
716 1321 767 1404 qui
782 1319 890 1382 volens
904 1333 1030 1382 venerat
1045 1319 1163 1400 fugeret
1178 1318 1300 1397 invitus,

651 1409 703 1474 Ne
718 1407 851 1470 molliret
865 1408 1003 1470 animum
1017 1406 1114 1470 laudis
1129 1407 1291 1489 appetitus.

609 1497 677 1561 lam
691 1499 729 1561 de
744 1500 814 1580 fuga
829 1497 947 1580 fugiens
961 1517 1071 1558 navem
1086 1496 1132 1558 bis
1146 1495 1290 1577 ascendit,

649 1585 726 1650 Inde
741 1587 917 1666 Laodiciam,
932 1586 1042 1647 deinde
1062 1583 1189 1675 Tarsum
1204 1586 1315 1649 tendit:

650 1675 707 1740 Sed
724 1674 904 1738 incumbens
918 1672 1022 1757 aquilo
1036 1673 1105 1737 vela
1118 1676 1319 1758 deprehendit

651 1763 693 1827 Et
707 1765 737 1826 in
753 1779 858 1846 portus
873 1763 970 1826 Latios
984 1784 1074 1846 agere
1089 1764 1259 1828 contendit.

613 1854 700 1918 Urbe
715 1851 823 1935 procul
838 1853 939 1934 agnita
954 1850 1114 1934 patriisque
1125 1855 1238 1933 muris,

652 1942 763 2005 Secum
778 1939 874 2020 coepit
888 1958 977 2022 agere
992 1938 1088 2001 multa
1102 1939 1140 2001 de
1155 1942 1263 2004 futuris

651 2028 697 2092 Et·
706 2044 779 2091 tunc
794 2027 920 2089 demum
934 2025 1073 2108 gravibus
1088 2027 1210 2091 aestum
1223 2031 1305 2094 curis

654 2112 752 2204 Quasi
767 2136 824 2199 pro
840 2115 1016 2198 parentibus
1030 2114 1089 2178 sese
1102 2118 1280 2200 cognituris.
1303 2143 1315 2176 s

563 2247 738 2316 [Anonymur‚
752 2241 842 2309 Vitas.
857 2239 943 2308 Alexij
953 2239 1093 2308 coqfrfflrrr'n
1114 2242 1205 2311 stroph.
1226 2261 1314 2310 3443,
1324 2250 1370 2311 46,
1387 2264 1430 2316 55,
1442 2253 1522 2314 ⁶063

494 2326 550 2392 (Μ.
571 2323 700 2392 Haupt&
721 2324 755 2374 H.
777 2319 927 2386 Hoffmann,
947 2320 1103 2386 Alrdrutschr
1123 2321 1226 2388 Bldrrer,
1248 2323 1328 2392 Lips.,
1353 2330 1432 2390 1840,
1454 2340 1474 2379 t.
1489 2329 1523 2394 ῙΙ,

493 2424 517 2475 n·
532 2404 614 2472 πῂ]

575 2569 588 2604 ι
607 2541 657 2609 Or
670 2542 734 2605 s'en
748 2541 811 2604 vait
825 2540 845 2602 li
860 2537 986 2619 dansras,
1008 2541 1049 2602 n’i
1065 2555 1138 2603 veut
1152 2540 1220 2624 plus
1235 2540 1375 2606 demorer
1396 2545 1437 2626 (v.
1452 2547 1525 2629 312)

572 2631 614 2694 Et
629 2633 695 2692 vint
708 2649 726 2691 a
740 2629 791 2690 son
808 2628 901 2691 tresor
915 2627 976 2690 lau
992 2626 1013 2690 it
1027 2627 1102 2691 ficut
1116 2628 1189 2709 aler,

572 2719 660 2782 Tant
674 2716 746 2801 prist
761 2717 798 2778 de
813 2716 865 2779 son
880 2717 966 2778 avoir
978 2737 1039 2799 que
1053 2716 1075 2778 il
1089 2738 1127 2780 en
1143 2735 1216 2801 puet
1231 2737 1344 2802 poster,

574 2807 645 2871 Puis
660 2806 702 2868 est
716 2803 809 2888 partis
824 2805 862 2866 de
876 2803 974 2883 Rome,
988 2806 1030 2866 n’i
1044 2821 1117 2868 veut
1131 2807 1207 2871 mais
1222 2810 1371 2874 demorer.

573 2896 642 2959 Tot
655 2895 724 2957 nuit
736 2914 776 2956 ne
790 2891 850 2956 fina
864 2894 938 2955 dans
953 2891 1061 2956 Alexis
1076 2894 1169 2957 d'aier
1189 2945 1193 2954 .

574 2984 616 3048 Et
630 2984 658 3046 le
673 2985 720 3046 ior
734 2982 762 3045 el
778 2981 899 3044 demain
914 3002 953 3043 ne
967 2997 1022 3044 vot
1036 2983 1105 3046 ainc
1119 2983 1239 3051 arester.

574 3073 660 3136 Tote
675 3070 758 3134 droit
771 3093 808 3133 au
824 3085 893 3151 port
907 3070 945 3132 de
960 3069 1061 3153 Caplcs
1075 3071 1117 3134 est
1130 3074 1230 3140 entres
1245 3098 1284 3140 en
1298 3076 1328 3140 la
1343 3101 1409 3142 mer

574 3163 623 3228 En
639 3181 699 3223 une
712 3159 770 3222 nef
777 3157 880 3242 garnie
895 3159 947 3241 qui
962 3162 1025 3221 s'en
1040 3159 1146 3223 devoit
1160 3161 1256 3245 paffer

576 3251 680 3319 Outre
694 3247 724 3311 el
738 3269 830 3331 regne
844 3247 882 3311 de
897 3247 958 3311 Sire
973 3270 1029 3330 por
1044 3251 1129 3312 avoir
1142 3268 1253 3316 acater.

573 3342 662 3404 Tant
676 3338 807 3401 keurent
820 3337 888 3398 nuit
901 3335 931 3399 δι
946 3337 992 3399 ior
1006 3358 1060 3420 par
1074 3338 1161 3401 oscur
1174 3340 1205 3403 dr
1219 3363 1273 3427 par
1285 3345 1350 3408 cler

576 3430 681 3519 Qu'au
696 3425 778 3488 droit
793 3441 864 3508 port
877 3447 894 3488 a
908 3425 1053 3489 Laudiche
1066 3443 1165 3490 ennet
1179 3429 1245 3494 sont
1258 3454 1296 3495 en
1313 3433 1341 3496 ia
1355 3457 1429 3500 mer.

575 3518 661 3582 Aises
675 3537 728 3579 ara
742 3514 785 3577 ses
800 3537 887 3599 peres
902 3514 1066 3580 desormais
1080 3539 1098 3579 a
1112 3517 1216 3600 plorer

575 3606 618 3672 Et
631 3606 659 3669 sa
673 3625 757 3667 mere
773 3603 802 3667 δι
818 3602 964 3686 s'espouse
980 3626 997 3666 a
1012 3603 1147 3687 plaindre
1162 3608 1192 3671 dc
1207 3611 1335 3678 doloser.

577 3696 687 3783 Quam
699 3694 719 3756 li
732 3691 807 3756 fains
821 3694 905 3756 enfes
919 3693 951 3756 fu
967 3695 1004 3756 de
1021 3693 1120 3758 lanes
1128 3695 1326 3782 deschendus,

575 3785 623 3848 La
636 3783 704 3846 nuit
719 3783 785 3846 vint
798 3802 816 3843 a
829 3779 984 3862 Laudiche,
997 3782 1026 3844 el
1040 3785 1122 3846 main
1137 3789 1201 3848 s’en
1215 3787 1258 3850 est
1272 3788 1361 3871 iisus3

575 3873 656 3936 Tost
669 3873 732 3936 s’en
748 3872 804 3934 fuit
818 3872 857 3933 de
870 3869 900 3932 la
913 3871 973 3934 vile
988 3871 1062 3955 qu'il
1076 3874 1118 3935 n’i
1133 3872 1189 3937 soit
1203 3881 1319 3943 coneirs

576 3961 618 4027 Et
631 3958 770 4045 trespaffe
784 3963 822 4024 de
836 3961 897 4023 Sire
911 3976 1018 4024 tertres
1033 3961 1063 4025 δι
1078 3965 1145 4047 puis
1160 3985 1242 4048 agus.

575 4051 663 4116 Tant
676 4049 738 4113 vait
753 4071 805 4132 par
819 4049 862 4114 ses
877 4053 996 4115 iornees
1011 4052 1086 4135 qu'il
1100 4075 1139 4116 ne
1153 4055 1185 4115 fu
1199 4071 1333 4138 rotenus,

578 4140 663 4229 Qu’a
677 4141 765 4222 paine
780 4138 810 4202 δι
825 4159 842 4200 a
856 4139 959 4202 travail
973 4139 1016 4202 est
1030 4161 1047 4201 a
1060 4139 1167 4204 Rubris
1181 4163 1286 4224 venus,

575 4229 623 4293 La
638 4245 724 4292 trova
738 4250 798 4292 une
812 4228 911 4310 image
925 4226 1000 4291 dont
1016 4227 1115 4294 Dieus
1130 4231 1183 4294 fait
1195 4253 1284 4314 grans
1298 4252 1409 4302 vertus.
