3396 5708
640 554 743 648 (417)
1138 566 1200 646 133

252 785 421 852 [Innocentius
435 786 456 850 1,
474 783 578 852 Epi'stola
590 786 628 836 ad
640 786 752 838 Ioannem
766 783 1006 852 llinosolymitanum
1020 783 1129 853 (Maiis,
1144 788 1204 838 Con·

179 865 249 931 cilia,
260 867 306 930 111,
319 882 342 918 c.
360 883 424 933 ¹¹25
439 865 531 933 3Jasse,
544 873 574 916 ιιο
591 864 674 934 nol]

70 1011 167 1087 417
181 1005 364 1076 nerium
371 1010 488 1092 junior,
503 1007 651 1076 Ausum
663 1031 767 1094 maier,
781 1005 956 1077 Pinianus
969 1011 1106 1076 maritus.
1120 1024 1193 1087 (163)

4 1151 65 1206 uia,
80 1149 136 1194 coi.
153 1159 165 1193 1
224 1152 238 1185 ι
257 1125 366 1212 Quum
394 1141 496 1188 autem
517 1146 609 1188 omne
628 1125 748 1209 pondus
769 1126 858 1189 seculi
877 1124 1088 1211 deposuissent,
1101 1126 1205 1189 ascen-

181 1216 228 1278 dit
246 1213 424 1278 desiderium
437 1215 561 1276 videndi
582 1214 682 1276 saneta
700 1214 777 1294 loca,
798 1217 828 1277 in
850 1237 911 1300 qua
931 1214 1088 1278 Dominus
1107 1215 1207 1278 noller

181 1305 300 1367 virtutis
321 1303 369 1365 sue
392 1304 521 1385 gloriam
543 1303 767 1367 demonstravit.
786 1303 904 1367 Predixi
924 1303 1207 1387 verostindulgen-

183 1395 257 1457 tiam
279 1391 424 1475 postulavi
442 1413 505 1455 non
524 1391 620 1454 solum
635 1407 685 1454 tue
707 1393 865 1471 sanctitati,
886 1392 928 1456 set
950 1392 979 1455 du
998 1392 1140 1454 omnibus
1155 1393 1208 1474 qui

183 1483 292 1546 lesturi
313 1479 387 1560 sunt,
410 1497 443 1543 ut
463 1481 535 1542 mici
552 1479 616 1566 (stc)
633 1483 753 1543 veniam
772 1481 843 1543 dare
860 1482 1023 1564 dignentur
1043 1481 1073 1544 di
1091 1502 1154 1543 non
1174 1481 1208 1543 sit

183 1571 333 1636 fastidium
348 1566 368 1630 si
379 1590 415 1631 ea
425 1569 530 1630 dixero
543 1569 573 1629 in
586 1567 739 1651 posterum
752 1591 811 1652 que
824 1570 907 1651 prius
922 1570 1085 1632 debueram
1098 1571 1207 1632 dicere.

127 1729 134 1737 ,
226 1683 240 1722 ι
259 1657 387 1722 Faslum
398 1656 441 1719 est
455 1657 546 1739 igitur
559 1678 655 1740 quum
669 1658 771 1739 egredi
787 1657 902 1720 vellent
919 1658 957 1721 de
970 1658 1075 1738 Roma,
1092 1659 1209 1744 presec-

184 1769 233 1816 tus
256 1747 380 1832 quidam
394 1761 460 1807 erat
482 1761 555 1807 tunc
568 1744 700 1827 gentilis,
724 1746 811 1808 cuius
834 1747 926 1808 etiam
948 1768 1061 1810 nomen
1083 1747 1209 1809 minime

185 1836 338 1914 recordor,
352 1835 404 1916 qui
419 1832 577 1896 consilium
592 1833 714 1897 dederat
728 1834 915 1898 senatoribus
935 1835 1015 1898 urbis
1033 1851 1067 1896 ut
1084 1834 1210 1898 faculta-

186 1944 230 1990 tes
244 1944 351 1987 eorum
367 1922 514 1984 deberent
526 1922 638 1984 sociare
657 1922 768 1984 senatui
782 1921 982 1985 &absurdum
997 1920 1054 1984 else
1076 1945 1126 1986 eas
1142 1922 1210 1986 illos

187 2014 328 2079 Domino
350 2007 498 2090 obtulisse,
529 2010 569 2072 set
594 2011 689 2092 magis
721 2010 889 2093 reipublice
923 2011 1036 2074 viribus
1058 2011 1088 2074 di
1108 2011 1209 2075 senatu

186 2101 279 2166 subici
294 2097 406 2162 deberi.

228 2217 241 2248 ι
260 2189 403 2269 Cumque
418 2186 475 2247 hec
490 2183 594 2247 sedens
616 2184 768 2266 prefedlus
782 2185 918 2248 diluculo
940 2208 1011 2249 cum
1033 2188 1117 2249 omni
1129 2186 1212 2249 sena-

7 2291 88 2350 2485,
99 2293 171 2343 coir
187 2281 229 2342 tui
239 2276 302 2364 (ſse)
316 2273 472 2351 traslaret,
483 2271 652 2355 procedens
667 2294 756 2336 mane
767 2273 870 2336 sedens
883 2295 938 2357 pro
951 2275 1108 2353 tribunali,
1119 2273 1211 2336 vellet

187 2365 290 2450 halnlc
314 2361 491 2425 sententiam
520 2359 641 2443 publice
667 2363 873 2443 pronuntiare,
900 2361 996 2425 adfuit
1020 2361 1212 2444 providentia

189 2455 251 2518 Dei
263 2453 292 2516 di
304 2451 411 2528 subito,
424 2450 514 2510 horta
524 2445 669 2513 seditione
682 2449 788 2533 populi
801 2465 926 2533 propter
941 2452 1099 2532 penuriam
1117 2449 1212 2531 panis,

188 2565 226 2606 ne
240 2540 371 2604 multum
386 2537 502 2619 loquar,
517 2557 589 2598 mox
604 2538 757 2601 detraeius
772 2539 809 2600 de
821 2537 963 2601 tribunali
975 2539 1006 2600 in
1021 2540 1121 2601 media
1135 2539 1211 2600 civi·

188 2645 249 2692 tate
263 2626 413 2711 lapidibus
429 2623 603 2687 interfectus
617 2625 668 2705 est,
680 2627 721 2688 ita
735 2643 768 2687 ut
782 2627 873 2688 etiam
888 2642 992 2708 aperte
1006 2623 1124 2690 senatus
1138 2647 1213 2690 con·

187 2715 322 2780 fiteretur
335 2713 493 2776 confilium
508 2714 590 2796 quod
601 2714 721 2776 occulte
741 2714 943 2776 tradtaverant
957 2713 1096 2776 adversus
1107 2714 1213 2776 beatis-

189 2803 278 2868 simos
290 2802 470 2880 insidiantes,
484 2801 514 2864 di
528 2823 590 2864 non
603 2803 642 2865 ob
658 2802 747 2865 aliam
758 2801 877 2866 causam
892 2799 976 2865 fuisse
991 2801 1213 2864 euminterfec·

188 2913 255 2959 tum
273 2891 327 2955 nisi
347 2907 474 2974 propter
493 2889 661 2953 vindidlam
682 2891 853 2954 sandlorum
868 2892 897 2955 dt
913 2894 1029 2954 merita.
1042 2891 1127 2953 Beati
1142 2909 1213 2952 vero

189 2986 246 3045 hec
260 3002 322 3044 non
336 2993 486 3042 noverant
503 2993 573 3040 ante
584 2975 637 3040 nisi
648 3001 719 3041 cum
731 2982 792 3041 iam
804 2981 841 3042 de
854 2997 951 3043 morte
963 2979 1216 3043 eiusamarissima

189 3069 319 3134 relatum
335 3067 393 3143 est;
417 3087 512 3150 quum
527 3084 630 3130 autem
644 3065 863 3151 cognovissent,
877 3071 988 3151 gratias
1003 3069 1127 3151 quidem
1144 3087 1215 3149 ege-

190 3174 271 3237 runt,
282 3155 415 3220 tribulati
430 3153 497 3217 sunt
511 3157 625 3218 veroin
636 3174 736 3220 morte
744 3157 824 3221 illius
836 3157 931 3234 mala;
945 3179 1066 3221 necnon
1082 3155 1111 3218 dt
1126 3154 1215 3217 multi

190 3249 345 3310 servorum
363 3242 495 3322 suorum,
513 3245 564 3327 qui
587 3262 672 3308 erant
692 3245 797 3308 similia
817 3247 995 3330 cogitantes,
1010 3245 1092 3307 malo
1107 3244 1214 3307 morbo

191 3337 355 3419 perierunt,
366 3333 428 3398 Dei
441 3333 632 3417 providentia
642 3336 781 3398 faciente.

231 3451 245 3484 ι
272 3423 393 3488 Vellem
407 3425 509 3486 dicere
526 3439 639 3506 quanta
653 3423 738 3486 milia
758 3424 909 3487 servorum
929 3423 1059 3486 libertati
1080 3423 1215 3484 donave-

191 3533 273 3594 runt,
293 3511 313 3576 fi
332 3534 494 3577 numerum
514 3514 696 3596 cognoscere
715 3513 892 3596 potuissem;
915 3511 1005 3590 unde,
1023 3533 1062 3573 ne
1082 3510 1151 3593 plus
1165 3526 1218 3572 aut

192 3605 292 3668 minus
308 3602 514 3685 pronuntians,
529 3623 637 3664 vanam
651 3602 779 3685 gloriam
794 3602 1000 3684 supraducam,
1016 3599 1088 3662 Deo
1103 3598 1132 3661 ἃ
1148 3596 1217 3680 ipsis

192 3709 300 3756 notum
315 3689 367 3770 est,
381 3690 418 3751 ad
434 3688 515 3752 aliud
533 3690 688 3753 transeam.

234 3807 247 3838 ι
265 3778 487 3862 Navigantibus
502 3799 626 3861 quoque
639 3779 681 3842 eis
697 3779 733 3841 ad
748 3779 881 3856 Siciliam,
896 3777 925 3839 in
937 3798 997 3862 qua
1008 3774 1126 3837 sanstus
1138 3773 1216 3837 Pau-

193 3869 273 3932 linus
292 3867 451 3950 episcopus
470 3864 625 3943 abebatur,
643 3866 731 3928 horta
748 3865 790 3926 est
811 3865 855 3928 eis
874 3863 1033 3947 tempestas
1048 3862 1156 3946 gravis,
1177 3863 1219 3924 ita

193 3975 227 4020 ut
240 3960 278 4019 de
289 3958 352 4018 vita
362 3953 607 4037 periclitarentur
620 3975 655 4016 ac
666 3975 765 4038 neque
778 3953 868 4035 ipsam
880 3974 991 4036 aquam
1003 3952 1040 4014 ad
1051 3951 1218 4013 vibendum

192 4047 349 4122 haberent,
362 4044 392 4107 di
405 4059 514 4106 ventus
531 4044 700 4106 contrarius
715 4043 878 4105 inminerat
890 4041 963 4126 (fic),
978 4057 1012 4103 ut
1021 4041 1113 4103 etiam
1127 4054 1218 4101 naute

194 4137 344 4199 dicerent:
363 4157 377 4190 ι
391 4129 441 4194 lra
457 4131 518 4194 Dei
530 4129 573 4193 est
586 4155 610 4193 i.
627 4129 737 4218 Quum
748 4131 840 4214 igitur
854 4132 884 4192 in
899 4129 996 4192 multa
1006 4126 1099 4192 essent
1113 4127 1217 4210 despe-

8 4239 19 4287 ι
30 4244 98 4302 248⁶,
112 4243 181 4290 cota
194 4225 322 4302 ratione,
336 4223 410 4286 dicit
424 4221 604 4284 beatillima:
621 4246 633 4277 ι
649 4217 786 4283 Forsitan
801 4242 863 4282 non
878 4219 921 4282 est
933 4218 1075 4281 voluntas
1098 4217 1159 4278 Dei
1174 4218 1218 4278 ire

197 4341 210 4374 ι
224 4333 280 4376 nos
288 4312 338 4375 ubi
347 4309 591 4394 disponebamus,
599 4307 648 4370 sed
656 4308 725 4370 date
735 4307 801 4372 vela
809 4308 930 4372 ducenti
939 4328 996 4373 nos
1006 4321 1114 4368 ventos
1123 4305 1183 4390 (fic)
1195 4329 1219 4366 ι.
