3296 5700
520 541 590 634 276
672 559 1000 616 saucuunoumms
1027 557 1385 612 unxueuuuntuuus

516 779 727 851 nihilominus
757 779 856 852 aliam
886 777 1087 876 baptismatis
1117 781 1185 850 eius
1208 802 1327 850 terram
1346 779 1382 849 in
1405 777 1555 850 lordane

513 884 714 985 speculando
735 887 833 983 seque
854 883 1042 957 balneando
1063 883 1220 977 visitabat,
1247 883 1302 956 sed
1323 889 1358 957 ἀ
1373 886 1410 956 in
1428 887 1555 957 lentsa-

511 994 578 1066 lem
591 991 699 1089 sthue
711 995 745 1064 in
759 995 905 1065 sanslam
916 993 1006 1084 Sion,
1021 989 1077 1063 ubi
1093 992 1181 1063 sacer
1197 992 1381 1063 seculorum
1393 991 1552 1064 Salvator

513 1102 547 1171 in
567 1125 662 1172 cruce
679 1100 845 1196 suspensus
859 1124 1023 1196 peremtus
1037 1099 1081 1169 est
1097 1122 1195 1194 atque
1211 1099 1364 1196 sepultus,
1374 1102 1411 1170 δι
1430 1101 1555 1196 postea

512 1208 547 1277 in
559 1231 675 1278 monte
689 1207 815 1280 Oliveti
826 1208 860 1276 in
872 1205 981 1276 celum
993 1204 1147 1277 ascendit.
1171 1206 1241 1276 Istic
1259 1231 1401 1302 quatuor
1420 1203 1554 1278 vicibus

513 1312 678 1386 veniendo
696 1311 859 1385 orabat&
872 1314 1022 1384 Domino
1035 1313 1067 1384 se
1080 1310 1346 1385 commendabat.
1361 1313 1421 1385 lsla
1433 1315 1557 1385 omnia

513 1421 559 1492 illi
575 1417 764 1493 intimando
778 1417 985 1518 explanabat.
999 1436 1013 1465 ⁴

514 1656 665 1730 XXXlV.
686 1661 773 1752 Papa
790 1659 832 1726 ad
839 1659 980 1752 sendum
989 1659 1188 1750 bonifacium
1198 1659 1358 1753 proficisci
1369 1657 1550 1729 bonaria!

562 1840 734 1935 Postquam
755 1839 817 1910 hec
833 1839 948 1910 omnia
968 1836 1212 1910 delestabilibus
1231 1837 1410 1912 verborum
1426 1839 1555 1910 semro·

513 1942 730 2016 cinationibus
741 1946 824 2016 inter
833 1945 864 2015 se
874 1942 1076 2016 fabulantes‘
1091 1943 1296 2038 volutabant,
1302 1946 1390 2016 sacer
1398 1945 1454 2016 ille
1464 1945 1556 2016 sutn·

511 2053 647 2149 musque
672 2051 872 2148 apostolicus
895 2051 1047 2148 pontifex
1069 2049 1182 2123 sobriis
1204 2053 1393 2123 sermonum
1418 2049 1555 2122 indiciis

512 2157 660 2231 testando
678 2159 840 2230 intimavit
856 2154 1062 2247 Willibaldo,
1080 2156 1175 2253 quod
1195 2160 1321 2230 sandius
1339 2155 1557 2228 bonifaciuss

512 2264 652 2363 rogabat
668 2265 771 2354 illum,
789 2287 824 2334 ut
839 2265 946 2360 ipsum
958 2262 1187 2336 Willibaldum
1204 2267 1354 2336 aSanslo
1366 2263 1555 2336 Benedioo

512 2371 554 2442 ad
567 2371 660 2442 illum
673 2369 836 2442 adducere
847 2387 858 2415 ‘
874 2372 1108 2466 pervenireque
1121 2368 1297 2464 fecissen&
1306 2368 1347 2441 fic
1359 2370 1456 2442 illum
1471 2397 1555 2442 nme

422 2526 433 2540 ι
511 2476 758 2550 subsummatim
767 2476 810 2548 ad
820 2476 912 2548 illum
924 2479 959 2548 in
972 2502 1107 2575 gentem
1119 2475 1334 2550 erudiendam
1346 2479 1554 2549 francorum

511 2580 727 2681 cooperando
745 2580 924 2654 efficeretf
935 2585 1093 2680 Cumque
1104 2583 1187 2654 istas
1197 2585 1298 2656 sancti
1310 2584 1475 2674 Bonisacij
1495 2611 1556 2658 vo-

511 2692 577 2763 tiva
589 2691 797 2762 voluntatum
810 2687 965 2760 defideria
978 2687 1134 2762 dominus
1147 2690 1343 2787 apostolicus
1356 2715 1444 2787 papa
1464 2695 1555 2764 Gre-

510 2797 622 2896 gorius
644 2801 678 2867 lll
695 2793 892 2868 Willibaldo
918 2794 1084 2885 indicavit,
1107 2798 1152 2868 ast
1165 2795 1302 2893 placidis
1317 2797 1410 2868 illum
1429 2799 1555 2870 exhor-

511 2905 674 2976 tationum
690 2902 829 2973 oraculis
846 2900 999 3002 rogando
1018 2903 1070 2974 seu
1089 2903 1304 3001 precipiendo
1321 2901 1499 2995 arcessivit,
1518 2931 1553 2976 ut

510 3010 554 3083 ad
570 3012 717 3081 sanslum
735 3009 940 3080 bonifacium
957 3012 1091 3083 veniret.
1103 3012 1199 3082 Tunc
1216 3011 1269 3082 ille
1283 3012 1411 3083 inclitus
1421 3011 1554 3084 Clu-issi

510 3118 629 3189 athleta
640 3119 653 3162 l
664 3114 876 3189 Willibaldus
894 3116 1107 3212 petitionibus
1124 3117 1290 3214 pontificis
1308 3117 1473 3213 simulque
1490 3121 1554 3192 ius·

511 3222 653 3296 sionibus
671 3224 702 3293 se
719 3223 849 3294 solerter
871 3219 1118 3310 subsummatim
1135 3223 1290 3296 effessum
1308 3226 1360 3296 seu
1381 3223 1553 3298 obedien·

510 3331 590 3401 tiam
617 3331 773 3428 perficere
795 3329 1019 3427 promittebat,
1049 3327 1071 3400 st
1093 3329 1273 3402 secundum
1294 3331 1449 3428 regularis
1487 3337 1554 3405 vite

512 3435 714 3534 disciplinam
729 3439 896 3508 licentiam
911 3437 989 3508 illia
1007 3437 1064 3508 suo
1078 3438 1256 3534 postularet
1272 3436 1397 3510 abbate.
1412 3440 1554 3512 Statim-

512 3570 578 3640 que
597 3545 740 3615 summus
765 3544 818 3615 ille
844 3545 952 3616 sanese
975 3546 1173 3616 ausloritatis
1195 3545 1344 3641 pontifex
1360 3545 1554 3641 respondit,

509 3650 668 3746 illumque
686 3649 751 3721 stne
770 3648 991 3723 sollicitudinis
1004 3649 1219 3749 ambiguitate
1232 3654 1378 3724 securum
1395 3677 1483 3726 cum
1498 3657 1553 3726 sue

509 3756 651 3828 iuffionis
667 3758 798 3829 licentia
814 3757 1073 3830 obedientialitet
1088 3785 1226 3858 pergere
1237 3761 1392 3857 precepit,
1411 3757 1551 3835 dicens:

514 3897 531 3927 α
543 3865 633 3961 Qua
647 3861 668 3934 st
683 3864 776 3936 illum
788 3863 894 3961 ipsum
909 3862 1064 3936 abbatem
1075 3867 1286 3940 Petronacem
1303 3867 1429 3963 uspiam
1441 3871 1551 3941 mns-

546 4095 568 4128 a.
583 4077 621 4128 Ab
633 4075 677 4127 ista
690 4076 773 4128 omnia
787 4077 862 4146 usque
877 4080 915 4130 ad
917 4079 996 4147 finem
1057 4079 1156 4133 nedisto
1172 4080 1271 4134 adduci.
1288 4111 1322 4121 -
1339 4080 1427 4136 s-Mb.
1440 4084 1550 4154 perfiet·

511 4168 600 4211 catera
612 4155 848 4224 desrtntinC.—b.
862 4157 956 4210 ‘situlus
970 4161 995 4210 d.
1056 4171 1100 4211 tet
1119 4187 1153 4199 -
1170 4177 1196 4228 g.
1211 4160 1247 4228 fic
1263 4161 1332 4228 Mle
1346 4161 1382 4214 aL
1399 4161 1500 4234 inque.
1513 4195 1549 4204 —-

511 4238 537 4290 t'n
549 4237 618 4290 0.-
631 4254 654 4289 c.
665 4237 704 4289 lic
717 4238 796 4290 denuo
803 4234 887 4306 incipit
898 4239 953 4290 Mb.
962 4267 995 4278 -
1056 4237 1081 4290 h.
1094 4240 1148 4292 Mb.
1160 4239 1293 4296 enthletus.

512 4317 536 4370 d.
547 4317 601 4370 Mb.
616 4315 771 4370 Ponefttius.
789 4345 822 4356 ·-
835 4333 859 4370 e.
880 4317 935 4372 Mb.
948 4317 996 4372 Be·
