3354 5706
435 523 485 578 oa
510 525 614 579 noers
638 525 804 579 snucrrs.
1067 523 1129 606 193

100 749 241 819 inventa
253 748 411 819 nunciant
423 747 618 819 ferramenta
633 748 668 817 in
681 747 738 818 tali
749 746 837 818 loco.
855 747 937 844 Quo
950 773 1134 844 comperto,

101 881 157 926 rex
193 854 354 926 continuo
387 852 545 926 tubicines
571 880 630 951 per
655 854 831 924 castrorum
857 855 1026 926 circuitum
1051 854 1135 927 mbis

101 959 195 1033 iubet
223 964 391 1032 canere&
414 964 591 1033 exercitum
607 987 740 1033 movere
764 961 875 1050 castra,
902 959 1027 1034 dicens:
1054 962 1135 1032 Emi·

102 1094 240 1166 gremus
264 1069 341 1139 hinc
367 1067 409 1140 ad
435 1066 653 1140 edificandam
682 1069 846 1140 civitatem
872 1068 906 1138 in
934 1068 1013 1140 loco
1039 1066 1136 1140 nob'is

103 1174 263 1250 divinitus
288 1172 476 1274 designat03
498 1174 665 1272 simulque,
682 1179 859 1274 preparatis
884 1203 962 1248 curn
986 1175 1135 1249 universo

102 1287 250 1357 exercitu
271 1283 419 1375 navibus,
442 1284 487 1356 ad
505 1285 619 1356 locum
640 1309 843 1382 repertorum
856 1285 1137 1358 ¹ferramentorum

102 1392 334 1484 transfretavit,
358 1418 459 1489 quem
478 1391 629 1464 videlicet
649 1391 762 1464 locum
782 1394 816 1463 in
834 1392 889 1464 tali
906 1418 1021 1464 eorum
1038 1390 1137 1463 trans·

103 1500 230 1571 latione
253 1502 416 1598 cognovit
436 1497 495 1571 srbi
519 1526 538 1570 a
565 1501 640 1570 Deo
669 1523 878 1597 preparatum
908 1497 1076 1598 designari.
1103 1503 1137 1568 ln

104 1633 173 1703 quo
191 1608 353 1678 continuo
366 1608 532 1678 civitatem
546 1604 706 1697 condidit,
725 1632 789 1703 que
803 1604 987 1704 composito
1001 1609 1138 1678 nornine

104 1739 143 1783 ex
164 1717 305 1812 proprio
330 1718 396 1786 eius
421 1712 586 1788 vocabulo
607 1716 642 1784 δι
663 1714 860 1810 appellativa
881 1715 1017 1786 civitatis
1039 1739 1137 1812 greca

105 1822 336 1895 nominatione
358 1821 686 1918 Constantinopolis⁶
702 1824 875 1910 vocitatur,
902 1847 937 1892 ut
959 1820 1138 1894 conditoris

104 1928 292 2002 vocamen⁶
311 1932 345 2002 in
370 1932 480 2028 priore
501 1929 572 1999 talis
594 1928 739 2000 inhereat
763 1925 1010 2025 compositionis
1035 1954 1137 2026 parte.

106 2142 123 2211 s
139 2037 229 2213 Hlilec
252 2035 295 2108 de
317 2035 374 2108 srtu
396 2040 431 2108 ἃ
452 2036 644 2109 conditione
665 2037 748 2108 illius
766 2039 854 2135 regie
876 2036 962 2109 urbis
979 2036 1140 2133 descripta

120 2169 139 2212 u
177 2168 278 2214 crant.
345 2195 349 2204 ι

194 2341 240 2408 lll.
270 2343 321 2408 Ue
338 2339 397 2408 illa
415 2340 545 2436 ecclefiu,
559 2327 594 2410 ⁸iu
614 2367 671 2431 quo
689 2367 759 2410 crux
777 2346 906 2411 Domini
923 2343 1054 2412 babetur.

153 2527 315 2599 Ceterum
328 2525 371 2597 de
383 2523 593 2598 celeberrima
606 2525 750 2597 eiusdem
759 2529 897 2598 civitatis
906 2526 1048 2600 rotunda
1061 2529 1141 2600 mire

108 2631 344 2733 magnitudinis
360 2632 491 2729 lapidea
513 2631 645 2705 ecclesra
662 2632 749 2708 filere
766 2663 835 2709 non
859 2635 1024 2709 debemus.
1048 2635 1141 2731 QuO,

109 2767 142 2812 ut
164 2742 294 2814 sattius
311 2740 462 2811 Arculfus
480 2741 592 2834 refert,
617 2743 671 2837 qui
688 2769 762 2814 earn
782 2769 852 2815 non
874 2742 966 2815 brevi
986 2744 1141 2838 frequen-

109 2849 185 2920 tavit
202 2873 371 2945 tempore,
389 2845 431 2919 ab
448 2849 516 2917 imo
535 2847 827 2921 firndamentorum
843 2852 877 2921 in
895 2849 994 2922 tribus
1012 2849 1142 2923 consur·

109 2980 187 3052 gens
204 2951 383 3053 parietibus
400 2954 517 3051 triplex
530 2955 624 3052 supra
640 2955 713 3027 illos
728 2957 821 3028 altius
833 2955 1016 3050 sublimata,
1029 2979 1142 3028 rotun·

110 3061 232 3134 dilsrma
251 3061 399 3133 &nimis
416 3060 528 3156 pulcra
545 3058 678 3157 simplici
704 3063 951 3136 consummatur
966 3063 1144 3135 culminata

111 3195 249 3242 camera.
276 3169 351 3238 Hec
376 3164 512 3238 arcubus
538 3165 665 3238 suffulta
686 3167 875 3266 grandibus,
897 3172 981 3243 inter
1000 3168 1143 3269 singulos

110 3279 202 3374 supra
227 3298 433 3348 memoratos
454 3275 591 3370 parietes
613 3273 718 3344 latum
738 3273 838 3348 habet
854 3279 1006 3375 spatium,
1030 3277 1082 3350 vel
1101 3274 1143 3349 ad

113 3380 364 3456 inhabitandum
387 3380 439 3453 vel
461 3379 504 3452 ad
522 3379 726 3452 exorandum
743 3383 853 3454 Deum
871 3409 986 3481 aptum
1000 3386 1035 3455 &
1052 3410 1143 3455 com·

111 3488 261 3562 modum.
274 3489 434 3560 interioris
444 3469 563 3558 domus
575 3488 755 3582 aquilonali
766 3491 799 3560 in
813 3514 905 3587 parte
913 3489 1098 3590 pergrande
1109 3493 1144 3561 ἃ

111 3595 204 3670 valde
213 3595 366 3693 pulcrum
376 3594 573 3665 monstranu
582 3597 769 3688 armarium,
777 3597 811 3667 in
821 3622 889 3693 quo
903 3599 999 3695 capsa
1009 3595 1145 3669 habetur

113 3701 282 3776 recondita
292 3701 413 3800 lignea,
429 3725 493 3796 que
508 3697 648 3770 finiliter
661 3699 772 3798 ligneo
785 3700 1041 3800 superclauditur
1050 3729 1146 3801 oper-

114 3809 199 3880 culo:
213 3811 247 3880 in
262 3833 328 3904 qua
345 3804 427 3877 illud
444 3805 580 3877 salutare
598 3803 735 3878 habetur
749 3809 959 3881 reconditum
972 3811 1074 3880 crucis
1086 3808 1146 3908 lig-

114 3931 223 4008 num,⁶
239 3918 273 3987 in
294 3939 362 4010 quo
388 3914 494 3984 noster
512 3912 660 3984 Salvator
675 3939 736 4011 pro
754 3914 888 3988 humani
905 3917 1031 4014 generis
1047 3915 1147 3987 salute

115 4021 278 4120 suspensus
293 4020 346 4092 est.
366 4021 443 4118 Qie
457 4017 609 4092 videlicet
622 4018 828 4116 predicabilis
845 4024 955 4120 capla,
970 4046 1005 4094 ut
1020 4023 1147 4095 sandius

148 4245 169 4278 a.
183 4229 210 4279 R.
222 4227 474 4282 xavnamrmug.
488 4221 601 4274 -nnt
664 4217 819 4270 reconditum
839 4215 918 4270 crucis
937 4216 1032 4286 lignum
1046 4235 1052 4283 ;
1075 4218 1145 4270 Bern.

117 4307 272 4359 rotabulum.
288 4333 322 4345 -
336 4321 357 4356 c.
372 4305 400 4356 B.
412 4303 485 4373 capsa
494 4302 602 4354 habetur
663 4299 770 4352 habetur
783 4295 955 4362 recondita‚in
969 4313 1018 4366 qua
1031 4296 1097 4349 illud.

990 4421 1022 4472 ²⁵
