3396 5708
493 543 562 625 134
945 523 1051 623 (417)

490 761 636 826 Etstatim
644 760 924 840 correxeruntvela,
935 761 1137 825 &deveniunt
1146 763 1176 823 in
1189 759 1316 823 insulam
1324 759 1514 844 qualmldam

489 871 581 935 quam
595 849 694 912 hostes
706 848 981 928 circumdederant,
996 849 1025 912 da
1037 851 1234 914 omnesviros
1245 871 1317 911 cum
1329 849 1515 912 uxoribus&

489 939 558 1002 filiis
574 936 755 1019 depredatos
775 937 966 1018 abstulerant,
989 960 1067 1020 quos
1087 939 1179 1002 etiam
1200 941 1311 1002 iterum
1330 938 1516 1014 distraentes,

491 1027 586 1111 pretia
600 1025 799 1109 postulabant,
816 1029 858 1090 ita
870 1044 904 1091 ut
919 1027 939 1091 sr
954 1026 1062 1090 nolent
1075 1050 1129 1091 eos
1150 1028 1344 1091 redimere&
1359 1025 1431 1090 illos
1442 1047 1517 1108 quos

490 1115 719 1198 captivaverunt
730 1116 915 1195 occiderent,
931 1116 961 1180 ἃ
976 1115 1070 1199 ipsam
1084 1116 1209 1180 insulam
1227 1117 1289 1201 igni
1307 1115 1518 1178 consummere

491 1204 692 1266 minabantur.
705 1201 816 1291 Quum
827 1221 929 1266 autem
944 1205 1053 1266 horum
1067 1206 1152 1267 navis
1166 1205 1203 1267 ad
1218 1204 1308 1267 litora
1323 1205 1416 1267 maris
1423 1203 1520 1286 adpli-

491 1290 606 1371 cuilset,
623 1293 748 1355 audiens
769 1291 927 1374 episcopus
948 1292 1081 1354 eiusdem
1102 1293 1163 1355 loci
1178 1293 1260 1377 quod
1276 1294 1366 1354 beata
1383 1291 1521 1354 Melania

492 1382 606 1444 ibidem
618 1383 761 1464 navigans
768 1379 956 1464 adplicuisset
968 1382 1038 1462 (iam
1047 1381 1128 1443 enim
1139 1404 1177 1444 ex
1190 1383 1269 1444 fama
1280 1381 1366 1443 omni
1379 1383 1452 1442 loco
1466 1401 1521 1441 no-

492 1491 562 1534 men
574 1472 638 1532 eius
656 1471 852 1550 intonuerat),
866 1470 951 1531 venit
961 1490 1032 1530 cum
1048 1470 1199 1552 prioribus
1214 1469 1348 1532 civitatis
1369 1467 1521 1550 rogans&

492 1577 608 1644 petens,
626 1572 670 1636 ut,
686 1554 789 1619 fieffet
802 1558 901 1619 adhuc
919 1557 949 1620 in
965 1558 1114 1635 manibus,
1129 1557 1242 1621 miseris
1253 1556 1438 1632 subveniret,
1451 1579 1521 1619 nam

492 1649 634 1732 usquead
650 1647 712 1707 duo
727 1643 810 1706 milia
824 1647 1008 1729 quingentos
1025 1645 1136 1709 solidos
1157 1647 1351 1729 captivorum
1370 1647 1521 1708 redemtio
1559 1689 1568 1702 .

492 1735 686 1820 querebatur,
695 1733 725 1795 δι
735 1753 827 1794 nemo
840 1750 904 1795 erat
912 1735 964 1816 qui
976 1733 1201 1818 misere[re]tur.
1215 1733 1295 1797 Mox
1303 1755 1379 1797 vero
1391 1749 1427 1795 ut
1438 1732 1522 1793 audi-

492 1827 537 1886 vit
548 1822 721 1900 beatiffima,
735 1823 776 1884 ita
789 1821 950 1885 condoluit
963 1821 1044 1904 quast
1056 1823 1116 1904 ipsa
1128 1823 1320 1886 teneretur&
1334 1822 1436 1884 statim
1453 1842 1523 1903 pro-

493 1915 591 1976 ferens
603 1931 720 1988 aurum,
730 1930 867 1971 omnesa
883 1911 996 1972 maiore
1011 1908 1103 1993 usque
1119 1912 1155 1974 ad
1170 1912 1321 1973 minorem
1335 1931 1417 1992 quos
1431 1907 1522 1970 hostis

493 2001 616 2065 tenebat
636 2000 783 2081 captivos,
809 1997 880 2060 dato
902 2000 1010 2079 pretio,
1031 2001 1227 2062 redimerunt
1249 1997 1375 2080 Insuper
1396 1997 1427 2060 dt
1448 1996 1523 2059 alios

494 2091 677 2175 quingentos
687 2085 797 2149 solidos
809 2086 839 2148 in
851 2086 940 2148 husus
952 2087 994 2150 eis
1006 2086 1167 2169 largientes
1179 2088 1381 2150 donaverunt
1399 2085 1452 2148 De
1462 2085 1523 2148 cel·

494 2178 570 2240 lario
582 2195 653 2237 vero
671 2173 775 2257 siquid
797 2174 948 2236 obtimum
964 2175 1075 2237 habere
1097 2177 1206 2257 potuit,
1219 2176 1263 2240 eis
1280 2175 1428 2258 inpartita
1438 2173 1523 2237 est&
1673 2173 1674 2222 l

495 2266 531 2328 ab
543 2262 658 2347 ingenti
666 2261 793 2344 penuria
803 2261 832 2324 dt
842 2262 921 2322 same
931 2283 984 2324 eos
995 2261 1216 2325 relevaberunt.
1228 2263 1342 2326 Adhuc
1351 2263 1382 2325 dr
1392 2261 1521 2345 qualus}
1536 2277 1623 2336 tues,
1632 2292 1649 2320 ε
1668 2287 1674 2318 l

495 2355 566 2414 dam
581 2365 763 2428 matronam,
777 2371 837 2432 que
852 2349 948 2412 fuerat
958 2348 1046 2412 valde
1057 2349 1179 2430 nobilis,
1194 2351 1351 2413 tenebatur
1362 2371 1380 2412 a
1391 2350 1524 2412 barbaris

495 2463 550 2523 pro
565 2439 749 2521 quingentos
762 2436 882 2514 solidos,
897 2435 927 2500 da
941 2439 1020 2500 hanc
1035 2438 1219 2504 redimentes
1234 2438 1416 2501 remiserunt
1427 2439 1464 2500 ad
1477 2437 1526 2498 sua

495 2530 581 2596 &ita
605 2528 676 2588 inde
695 2525 822 2608 profesti
841 2524 908 2588 sunt
926 2527 1118 2609 navigantes,
1146 2528 1254 2589 iterum
1269 2542 1467 2590 revertuntur
1490 2527 1525 2587 ad

494 2618 632 2704 Africam
652 2612 682 2675 ἃ
702 2615 874 2676 conmorati
895 2611 962 2676 sunt
984 2614 1098 2677 ibidem
1119 2614 1233 2697 septem
1252 2616 1340 2677 annis
1361 2613 1394 2677 dt
1414 2615 1528 2676 ibidem

495 2705 622 2790 captivis
637 2700 733 2764 multa
748 2701 922 2784 prestantes.

538 2819 551 2850 ‹
569 2792 618 2855 Sic
633 2791 743 2853 iterum
757 2789 933 2868 beatissima,
947 2810 1007 2852 una
1021 2811 1093 2853 cum
1108 2791 1266 2852 matresua
1284 2788 1314 2852 dt
1329 2790 1422 2852 beato
1437 2791 1528 2853 fratre

496 2882 559 2960 suo,
586 2880 623 2941 ab
647 2878 756 2962 Africa
783 2878 1003 2959 navigaverunt
1031 2880 1060 2941 in
1084 2877 1299 2944 Orientem&
1322 2895 1529 2961 pervenenrnt

497 2969 710 3046 Alexandriam,
725 2965 754 3028 dt
772 2965 979 3046 ospitabantur
996 2968 1075 3048 apud
1094 2967 1229 3030 sandium
1244 2967 1423 3050 episcopum
1435 2965 1529 3030 Ciril·

497 3060 572 3136 lum,
590 3056 619 3119 bt
640 3051 715 3116 sicut
728 3053 857 3115 decebat
880 3050 1066 3116 sandtitatem
1080 3055 1145 3116 eius
1160 3052 1286 3134 suscepit
1303 3075 1366 3115 eos
1387 3053 1530 3136 Contigit

497 3163 598 3209 autem
610 3144 639 3207 dt
651 3141 786 3204 sandium
798 3139 971 3221 Nestorem,
984 3143 1084 3203 virum
1099 3143 1260 3224 prophetie
1274 3141 1403 3224 gratiam
1415 3143 1530 3203 haben-

497 3252 570 3312 tem,
584 3229 641 3293 elle
654 3230 706 3293 illo
722 3223 875 3312 tempore,
894 3230 1089 3293 consueverat
1101 3232 1184 3292 enim
1197 3251 1251 3312 per
1266 3246 1388 3311 tempus
1403 3230 1530 3292 beatissi-

498 3343 566 3384 mus
581 3321 631 3381 hic
646 3318 762 3401 ingredi
778 3319 808 3378 in
828 3319 985 3380 civitatem
1000 3335 1126 3401 propter
1141 3317 1279 3380 sanitates
1291 3316 1530 3392 infirmantium

499 3411 628 3474 habebat
647 3410 730 3469 enim
751 3405 780 3468 dt
798 3407 877 3469 hanc
897 3407 1034 3490 gratiam.
1050 3405 1160 3468 Sandla
1172 3427 1247 3469 vero
1264 3405 1326 3468 Dei
1341 3427 1415 3468 curn
1435 3423 1529 3468 matre

498 3500 529 3562 δι
544 3500 595 3560 suo
610 3499 702 3560 fratre
717 3494 844 3558 Piniano
858 3496 1021 3557 habierunt
1040 3495 1077 3557 ad
1099 3495 1266 3557 videndum
1282 3493 1345 3558 Dei
1360 3496 1529 3572 hominem,

499 3587 536 3651 ad
552 3607 643 3670 quem
655 3584 684 3647 de
696 3582 791 3645 multa
806 3583 892 3646 turba
903 3584 1055 3646 introibat

541 3702 553 3733 ι
568 3675 712 3757 Cumque
727 3671 840 3734 vellent
855 3672 982 3755 ingredi,
996 3668 1081 3734 divisi
1096 3670 1163 3734 sunt
1177 3671 1256 3735 beati
1276 3673 1306 3733 in
1323 3671 1422 3734 tribus
1437 3672 1530 3754 parti-

500 3768 555 3827 bus
567 3782 621 3844 pre
633 3763 730 3838 turba,
747 3761 938 3844 contigitque
949 3760 1072 3822 beatum
1082 3758 1243 3822 Pinianum
1255 3759 1391 3841 primum
1402 3759 1530 3841 ingredi,

500 3851 597 3935 &qui
613 3849 856 3932 ingrediebantur
876 3847 947 3909 oleo
970 3846 1035 3933 (stc)
1057 3869 1074 3910 a
1095 3847 1198 3910 sandto
1213 3847 1415 3928 accipiebant.
1438 3846 1528 3928 Aspi-

499 3945 583 4004 ciens
595 3955 696 4002 autem
707 3937 824 3999 sanstus
836 3934 1007 4014 Nestorius,
1022 3937 1149 3999 intuitus
1163 3935 1206 3998 est
1217 3933 1354 3998 sandium
1367 3933 1528 3997 Pinianum

501 4031 530 4094 δι
545 4025 631 4091 sensit
651 4026 682 4088 in
697 4025 801 4108 spiritu
816 4026 884 4108 quis
901 4023 973 4086 ellet
987 4023 1017 4086 ἃ
1032 4024 1262 4106 adprehendens
1273 4022 1311 4085 de
1328 4023 1418 4085 turba
1432 4024 1528 4086 tenuit

501 4139 571 4182 eum
596 4117 679 4178 iuxta
698 4114 737 4192 se,
760 4113 789 4175 de
814 4111 881 4194 poll
905 4111 1032 4174 multam
1056 4113 1175 4175 turbam
1200 4113 1329 4195 contigit
1353 4110 1384 4174 δι
1409 4111 1668 4186 Βεεῑιωῐ.ι4μι·.ι

502 4206 624 4268 introire
646 4204 827 4282 Melaniam,
847 4202 876 4265 dt
897 4201 990 4284 ipsam
1008 4201 1143 4265 similiter
1161 4197 1365 4278 considerans,
1384 4200 1528 4263 tenuit&

501 4293 602 4359 statuit
617 4296 788 4358 cumfratre
802 4290 863 4356 suo.
874 4289 986 4353 Tertia
996 4288 1060 4375 (βε)
1076 4309 1150 4351 vero
1161 4287 1383 4371 ingredientem
1399 4287 1529 4352 sanstam
