3432 5710
671 540 709 640 (5
719 545 775 636 18)
1171 561 1233 642 ¹93

208 767 336 831 Sanetus
356 781 459 830 autern
480 767 557 830 nihil
576 785 721 844 moratus,
742 766 889 852 dispositis
908 767 1026 830 cellulae
1047 769 1238 852 utilitatibus,

207 873 335 940 accepta
353 858 480 919 fratrum
499 857 724 937 benedidtione,
745 859 844 940 primo
859 879 948 920 mane
963 857 1077 941 incepit
1090 859 1156 939 iter,
1170 881 1238 943 per-

206 947 293 1008 venit
307 946 343 1008 ad
358 947 548 1025 condidlum,
566 949 678 1029 reperit
692 948 733 1010 ibi
748 947 911 1030 praemislos
932 948 1047 1025 fratres,
1066 949 1237 1032 pariterque

207 1035 321 1096 intrant
336 1037 432 1096 viam:
455 1057 516 1097 una
532 1036 591 1099 illis
606 1037 715 1116 anima,
735 1059 795 1099 una
809 1038 923 1116 laetitia,
942 1059 1020 1100 unus
1035 1036 1132 1099 dolor.
1154 1037 1237 1100 Cum

207 1138 310 1184 autem
322 1138 403 1187 trans
411 1145 493 1186 mare
502 1125 701 1187 Britannicum
709 1126 798 1204 veen,
812 1125 928 1189 Gallias
939 1126 1066 1204 adirent,
1078 1147 1112 1188 ac
1124 1124 1237 1188 alienas
1308 1131 1313 1141 '

207 1210 389 1273 diversarum
403 1213 541 1294 gentium
556 1213 673 1296 linguas
689 1215 835 1293 audirent,
856 1213 1028 1297 linguarum
1042 1215 1148 1297 gratia,
1163 1211 1238 1275 ficut

205 1300 391 1381 apostolicus
413 1300 464 1362 ille
478 1317 591 1381 coetus,
610 1302 721 1366 ditatus
734 1303 777 1365 est
791 1302 892 1366 David
916 1318 1009 1386 pater,
1029 1319 1064 1365 ut
1081 1325 1120 1366 ne
1139 1305 1170 1364 in
1185 1325 1238 1364 ex-

206 1390 318 1452 traneis
339 1387 483 1472 degentes
497 1389 648 1471 gentibus,
669 1391 832 1472 interprete
851 1405 982 1472 egerent.
1004 1390 1150 1452 Tandem
1165 1410 1237 1452 vero

206 1479 243 1539 ad
266 1492 378 1559 optatae
399 1478 530 1541 civitatis
555 1479 711 1568 Ierusalem
732 1477 867 1541 confinia
889 1496 1099 1561 pervenerunt.
1132 1479 1238 1543 Nodle

205 1579 309 1627 autem
330 1579 399 1628 ante
422 1586 528 1628 eorum
542 1568 708 1628 adventum
726 1569 902 1650 patriarchae
917 1569 948 1629 in
965 1567 1078 1630 somnis
1098 1568 1238 1649 apparuit

205 1653 346 1735 angelus,
366 1653 488 1718 dicens:
506 1681 518 1712 ι
535 1654 617 1718 Tres
636 1656 673 1717 ab
693 1655 849 1718 Occidentis
862 1653 974 1718 finibus
988 1655 1131 1718 catholici
1146 1655 1237 1718 adve-

207 1765 221 1798 ‹
235 1742 325 1803 niunt
339 1744 406 1822 viri,
420 1765 498 1827 quos
510 1765 581 1805 cum
591 1743 703 1826 gaudio
716 1743 885 1826 suscipiens,
900 1743 975 1804 mihi
986 1744 1017 1805 in
1029 1743 1237 1826 episcopatum

206 1829 437 1893 ‹benedicendo
446 1832 659 1896 consecrabis.»
674 1831 922 1895 Patriarchavero
931 1849 989 1895 tres
997 1833 1236 1895 honoratiffimas

205 1920 323 2000 paravit
334 1920 425 1983 sedes.
437 1921 682 1984 Advenientibus
694 1939 765 2003 ergo
778 1919 884 1982 sanetis
896 1919 932 1982 ad
945 1920 1111 1999 civitatem,
1124 1941 1235 2003 magno

204 2006 324 2072 laetatus
339 2010 461 2091 gaudio,
480 2031 534 2073 eos
553 2009 683 2092 benigne
696 2009 856 2090 suscipiens
876 2009 984 2090 paratis
1004 2008 1133 2089 sedibus,
1151 2010 1234 2092 spiri-

204 2095 280 2158 tuali
295 2096 453 2180 colloquio
469 2099 546 2176 freti,
560 2099 668 2181 gratias
681 2096 754 2160 Deo
768 2097 916 2173 reserunt3
932 2097 1034 2160 divina
1048 2097 1141 2162 fultus
1156 2099 1236 2160 elec-

205 2185 290 2247 tione
305 2187 342 2247 ad
358 2186 651 2269 archiepiscopatum
667 2185 757 2248 Dewi
775 2187 924 2268 provehit.

246 2301 261 2332 ι
275 2275 334 2340 His
346 2276 485 2359 peraEiis,
497 2299 549 2340 eos
560 2276 732 2359 alloquens:
750 2302 764 2334 ‹
779 2277 926 2354 Obedite,
941 2276 1050 2359 inquit,
1062 2275 1132 2338 voci
1145 2297 1235 2339 meae:

207 2387 220 2421 e
234 2361 409 2428 Iudaeorum
420 2364 549 2448 potestas
560 2365 714 2429 invalescit
725 2368 754 2429 in
764 2365 954 2429 christianos:
965 2386 1021 2428 nos
1029 2381 1237 2444 commovent,

206 2479 219 2512 ‹
233 2451 555 2537 fidemquerepellunt.
563 2456 613 2516 Ad
621 2456 867 2537 praedicationem
874 2474 945 2536 ergo
953 2455 1109 2536 procedite
1115 2453 1237 2536 singulis

205 2567 218 2599 ι
236 2541 353 2621 diebus,
367 2559 402 2605 ut
413 2564 519 2605 eorum
530 2543 677 2606 violentia
687 2544 844 2606 confutata
855 2543 997 2626 quiescat,
1008 2542 1134 2605 noscens
1145 2543 1236 2604 chris-

208 2654 221 2686 «
236 2629 350 2692 tianam
365 2630 459 2691 fidem
474 2629 589 2694 ultimis
605 2645 688 2692 terrae
703 2630 813 2692 finibus
825 2628 1020 2714 divulgatam.
1036 2653 1048 2687 ›
1072 2630 1236 2695 Obediunt

207 2717 348 2800 imperio,
364 2719 528 2800 praedicant
542 2718 648 2801 singuli
664 2739 717 2801 per
731 2716 863 2801 singulos
878 2719 952 2797 dies,
973 2716 1008 2780 fit
1025 2733 1108 2801 grata
1127 2719 1236 2801 praedi-

205 2808 298 2886 catio,
325 2805 425 2889 plures
444 2822 628 2869 convertunt
646 2807 681 2868 ad
702 2805 805 2886 fidem,
824 2805 900 2870 alios
914 2807 1072 2868 roborant:
1096 2807 1236 2889 perfedlis

208 2896 353 2959 omnibus
374 2897 501 2976 patriam
522 2909 672 2957 conantur
689 2895 795 2957 redire.
816 2895 913 2957 Tunc
935 2911 1019 2977 pater
1034 2893 1125 2958 Dewi
1148 2917 1165 2956 a
1184 2917 1236 2978 pa-

206 2983 336 3046 triarcha
350 2999 482 3066 quatuor
496 2984 608 3046 ditatur
621 2985 806 3062 muneribus,
824 2982 908 3046 altari
924 2983 1037 3046 scilicet
1051 2985 1236 3064 consecrato,

205 3072 236 3134 in
247 3093 311 3155 quo
322 3070 525 3135 Dominicum
538 3072 669 3135 sacrabat
676 3093 787 3155 corpus
796 3073 889 3155 (quod
900 3073 1236 3137 innumerisvirtutibus

206 3159 340 3242 pollens,
350 3181 508 3243 nunquam
519 3161 556 3222 ab
567 3161 743 3224 hominibus
753 3163 790 3223 ab
801 3162 866 3226 eius
878 3161 1032 3244 pontificis
1043 3161 1130 3224 obitu
1140 3161 1236 3222 visum

205 3249 258 3327 esi,
270 3248 318 3311 sed
335 3247 441 3331 pelleis
456 3248 657 3312 velaminibus
673 3250 788 3312 testum
803 3250 1013 3313 absconditum
1023 3250 1119 3331 latet),
1131 3249 1236 3332 insigni

204 3338 298 3400 etiam
324 3337 410 3416 nola,
431 3336 478 3399 sed
494 3337 524 3400 &
538 3336 600 3419 ipsa
613 3337 774 3402 virtutibus
788 3339 895 3418 claret,
912 3339 1023 3402 baculo
1038 3339 1067 3402 bc
1082 3339 1185 3401 tunica
1198 3361 1236 3400 ex

205 3447 280 3488 auro
303 3440 395 3488 texta
418 3423 486 3510 Qui
508 3424 635 3488 baculus
649 3423 785 3508 gloriosis
806 3428 948 3492 coruscus
967 3427 1119 3490 miraculis
1140 3442 1236 3489 totam

205 3510 328 3596 insignis
348 3514 528 3595 praedicatur
543 3533 596 3594 per
607 3513 743 3595 patriam.
760 3539 772 3572 e
787 3513 855 3593 Sed,
866 3516 965 3598 inquit
976 3515 1151 3597 patriarcha,
1165 3515 1237 3596 quia

207 3601 389 3662 «laboriosa
411 3601 499 3664 vobis
524 3599 589 3663 sunt
614 3601 644 3661 in
670 3600 776 3662 itinere
798 3603 834 3662 ad
857 3603 1024 3680 serendum,
1047 3603 1078 3663 in
1100 3623 1174 3684 pace
1199 3601 1235 3663 ad

207 3715 221 3748 ι
237 3690 367 3772 patriam
376 3688 576 3765 revertimini,
584 3709 642 3770 ego
654 3704 756 3751 autem
768 3688 896 3771 postvos
908 3690 1138 3753 transmittam.»
1156 3688 1235 3753 Patri

206 3777 395 3856 valedicunt,
405 3778 531 3861 patriam
544 3777 716 3839 adveniunt.
731 3775 872 3864 Quisque
882 3793 984 3842 autem
994 3799 1101 3841 eorum
1112 3780 1238 3861 patriar-

206 3869 273 3931 chae
288 3867 466 3951 promissum
478 3868 684 3950 exportantes,
700 3889 753 3950 per
764 3869 887 3951 angelos
902 3869 970 3933 suos
985 3866 1070 3932 milla
1083 3870 1238 3952 accipiunt

206 3976 343 4018 munera.
361 3980 373 4012 ι

278 4055 456 4127 [Anonymus,
473 4055 564 4123 Vitas.
578 4057 707 4122 Davidis,
718 4073 740 4109 e.
756 4076 773 4121 4
786 4057 851 4126 (ΛΑ.
865 4060 904 4109 SS.
917 4057 987 4122 nrt,
1000 4059 1094 4123 Mart,
1104 4059 1127 4126 1,
1142 4076 1165 4127 p.
1179 4060 1238 4127 44),

208 4135 240 4188 cb
257 4135 440 4188 Ricemarebus
456 4135 572 4204 episcop,
592 4135 650 4188 Viva
661 4135 687 4203 s.
705 4136 824 4189 Davidis
844 4137 896 4207 (ed.
914 4141 960 4189 W.
973 4137 1009 4188 T.
1023 4137 1100 4203 Rees,
1119 4139 1198 4190 Lives
1215 4141 1247 4207 qs

210 4216 250 4268 the
266 4213 474 4283 Cambro-Brin'sd
486 4213 582 4279 Sesars,
602 4215 729 4284 publisbed
747 4216 786 4268 sot
802 4217 845 4269 the
857 4217 945 4269 Wellh
958 4215 1011 4268 mss.
1027 4217 1138 4290 society,
1155 4219 1239 4269 Lhan·

210 4292 318 4364 dovery,
332 4298 379 4362 185
385 4310 407 4360 3,
420 4307 461 4357 4⁰,
473 4310 514 4362 pp.
528 4296 663 4360 135·136),
676 4294 745 4348 cuius
759 4294 831 4362 vers.
842 4293 952 4362 anglica,
963 4293 1035 4362 ibid,
1049 4314 1090 4366 pp.
1103 4297 1238 4362 437·438.]

369 4389 390 4442 P
1097 4408 1129 4459 ²⁵
