3446 5706
472 527 544 627 366
644 545 646 549 ⁴
877 545 1100 602 xurouurus

471 760 526 825 Est
538 760 580 824 ibi
596 759 731 826 tumulus
751 760 896 824 cancellis
909 761 1126 842 circumdatus,
1140 761 1170 825 dt
1185 763 1215 826 in
1231 762 1302 826 loco
1325 763 1377 826 ubi
1391 763 1505 826 redun-

471 849 523 911 dat
536 869 616 931 aqua
630 850 667 912 de
681 848 769 912 alveo
785 848 869 929 suo‚⁶
879 845 1024 931 positaest
1034 869 1109 912 crux
1120 850 1231 935 lignee,
1240 851 1322 914 intus
1336 851 1367 914 in
1376 871 1455 933 aqua
1465 871 1505 912 ex

471 952 600 1020 utraque
608 952 693 1019 parte
702 958 793 1020 rupes
801 936 912 1000 stratas
925 939 1093 1002 marmoris.
1106 937 1147 1002 Et
1157 937 1280 1022 vigiliac
1293 938 1505 1022 Theophanie

471 1045 599 1108 magnus
619 1027 660 1088 ibi
685 1023 720 1089 lit
742 1042 911 1090 conventus
927 1027 1123 1110 populorum,
1144 1027 1174 1092 δι
1195 1043 1303 1110 quarta
1322 1043 1376 1091 aut
1396 1028 1506 1110 quinta

396 1117 401 1127 ‘
470 1116 538 1177 vice
547 1112 630 1197 gallo
641 1131 770 1179 canente
780 1113 857 1179 liunt
870 1115 1009 1198 vigilie.d
1029 1116 1204 1200 Completis
1216 1117 1384 1196 matutinis,
1400 1118 1504 1199 primo

470 1203 618 1283 diluculo,
638 1203 791 1288 surgentes
810 1205 983 1287 procedunt
1003 1205 1040 1267 ad
1065 1205 1147 1268 sacra
1167 1205 1299 1268 misteria
1320 1203 1506 1268 oelebranda
1526 1213 1534 1227 “

471 1291 523 1354 sub
538 1293 639 1372 div0,e
652 1292 683 1355 dr
697 1292 877 1357 diaconibus
887 1292 1084 1358 tenentibus!
1092 1292 1290 1371 sacerdotem,
1301 1293 1458 1356 descendit
1472 1295 1505 1356 in

471 1377 599 1442 fluvium
614 1381 798 1461 sacerdos&
812 1381 886 1444 hora
900 1403 961 1465 qua
969 1381 1085 1464 ceperit
1099 1381 1282 1446 benedicere
1293 1401 1415 1464 aquam,
1429 1395 1505 1442 mox

473 1464 682 1532 lordoniscum
690 1491 802 1554 magno
811 1471 911 1554 rugitu
921 1468 1023 1552 possse
1034 1469 1206 1546 revertitur,
1217 1467 1247 1532 dt
1258 1468 1313 1530 slat
1328 1489 1407 1550 aqua
1415 1466 1506 1550 supe-

472 1558 534 1620 rior
541 1558 572 1619 in
581 1557 618 1637 se,
628 1558 796 1643 usquedum
806 1559 969 1642 baptismus
981 1556 1145 1640 perficitur,
1158 1558 1283 1620 inferior
1294 1577 1366 1619 vero
1379 1556 1458 1640 fugit
1472 1557 1504 1620 in

472 1648 691 1725 marqdicente
699 1647 858 1712 Psalmista·
865 1646 1167 1730 Marevidit&sug1t,
1177 1643 1506 1732 Iordanirconvtrsrrsest

471 1737 635 1824 retrorsum.
644 1734 699 1819 (Ρῖ.
715 1755 803 1816 extu,
811 1745 850 1820 3.)
863 1736 960 1799 Tunc
971 1755 1079 1798 omnes
1093 1733 1306 1812 Alexandrini,
1319 1735 1372 1817 qui
1384 1735 1427 1798 ibi
1438 1733 1505 1800 suas

472 1843 564 1886 naves
574 1825 696 1903 habent,
709 1825 845 1889 calathos
856 1823 963 1907 plenos
971 1823 1156 1886 aromatibus
1167 1821 1337 1886 &balsamo
1353 1839 1505 1902 tenentes,

472 1911 616 1996 horaqua
624 1913 759 1977 sacerdos
768 1913 946 1978 benedixitr
959 1912 1086 1990 fontem,
1095 1927 1259 1995 antequam
1267 1911 1415 1995 incipiatl
1428 1912 1505 1994 bap-

473 2001 578 2079 tizare,
587 2002 719 2065 fundunt
730 2001 809 2084 ipsos
816 2002 931 2065 cataros
941 1999 1156 2078 inlluvium&
1165 1998 1276 2062 tollunt
1288 2000 1376 2063 inde?
1391 2021 1503 2084 aquam

473 2087 675 2167 benedidlam,
690 2087 720 2152 δι
734 2090 845 2152 exinde
859 2088 976 2151 faciunt
992 2110 1071 2171 aque
1093 2087 1290 2171 aspersionem
1314 2089 1346 2151 in
1370 2087 1429 2152 suis
1449 2109 1505 2151 na-

473 2176 561 2239 vibus
587 2192 750 2262 antequam
777 2193 886 2240 exeant
913 2177 950 2238 ad
979 2176 1193 2259 navigandum.
1222 2175 1378 2259 Baptismo
1399 2195 1503 2241 autem

472 2265 640 2348 completo,
659 2265 844 2330 descendunt
858 2286 966 2328 onmes
1000 2266 1032 2328 in
1052 2264 1181 2327 fluvium
1200 2286 1257 2347 pro
1279 2265 1505 2348 benedietione,

473 2354 570 2417 induti
586 2352 788 2434 sindonibus,r¹
802 2374 880 2439 quos
894 2351 947 2416 fibi
964 2353 1001 2416 ad
1016 2351 1203 2436 sepulturam
1217 2352 1344 2418 servant.
1360 2355 1420 2418 His
1434 2379 1504 2439 per-

473 2441 557 2507 fedlis
572 2445 725 2525 omnibus,
735 2445 834 2509 statim
848 2465 927 2528 aqua
940 2444 1100 2506 revertitur
1114 2443 1145 2505 in
1155 2443 1315 2525 proprium
1329 2443 1460 2509 alveum.

512 2531 605 2595 Unde
620 2555 693 2598 vero
708 2534 799 2618 surgit
815 2532 944 2598 Iordanis
956 2552 975 2595 a
987 2531 1065 2596 mari
1082 2530 1247 2615 Tyberiadis
1260 2530 1353 2616 usque
1368 2534 1405 2598 ad
1421 2560 1503 2600 mare

470 2619 636 2684 Salinarum
651 2622 702 2686 ubi
718 2620 850 2702 delicit,l
861 2621 928 2685 sunt
947 2620 1031 2684 milia
1046 2643 1134 2683 cxxx.

510 2705 546 2772 ln
559 2711 620 2793 ipsa
634 2733 707 2775 vero
722 2713 789 2794 ripa
805 2709 935 2774 Iordanis
945 2708 988 2772 est
1003 2707 1155 2791 spelunca,
1169 2708 1200 2770 in
1221 2729 1283 2790 qua
1302 2707 1370 2774 sunt
1392 2711 1504 2777 cellule

470 2795 584 2880 septem
599 2822 670 2864 cum
691 2802 805 2885 septem
826 2797 945 2882 puellis,
968 2819 1029 2881 que
1049 2797 1091 2861 ibi
1114 2795 1262 2860 infantule
1281 2798 1455 2881 mittuntur,
1473 2802 1504 2866 dt

468 2907 540 2950 curn
555 2889 657 2974 aliqua
671 2913 709 2954 ex
722 2889 782 2953 illis
796 2905 918 2952 mortua
932 2887 1031 2965 fuerit,
1052 2887 1084 2948 in
1098 2884 1161 2967 ipsa
1177 2884 1289 2949 cellula
1308 2884 1459 2970 sepelitur,
1473 2892 1504 2956 dt

467 2975 525 3039 alia
538 2976 651 3041 cellula
670 2979 815 3044 inciditur
829 2977 859 3042 dt
874 2977 1003 3040 mittitur
1017 2975 1059 3037 ibi
1079 2974 1139 3037 alia
1162 2973 1273 3055 puella,
1298 2992 1333 3039 ut
1353 2999 1502 3046 numerus

467 3063 530 3128 stet.
547 3065 587 3130 Et
601 3067 714 3131 habent
728 3067 811 3146 soris,
824 3068 876 3149 qui
892 3067 936 3130 eis
958 3064 1071 3127 cibaria
1095 3068 1286 3145 preparent!
1297 3061 1334 3128 ln
1350 3088 1413 3149 quo
1429 3068 1501 3133 loco

465 3175 538 3216 curn
553 3176 665 3240 magno
679 3156 789 3219 timore
803 3154 921 3238 ingreffi
936 3153 1036 3216 sumus
1051 3152 1088 3214 ad
1103 3152 1286 3216 orationem.
1307 3153 1435 3220 Nullius
1459 3160 1501 3224 ibi

467 3243 575 3307 saciern
591 3243 731 3308 vidimus.
746 3241 782 3308 In
797 3243 860 3327 ipso
875 3243 946 3306 loco
955 3241 1132 3306 diciturelle
1141 3240 1305 3322 sudarium,
1316 3246 1400 3328 quod
1413 3247 1471 3309 suit
1483 3267 1503 3296 ι

466 3329 553 3415 super
567 3350 659 3415 caput
673 3330 748 3396 Iesu.
763 3333 796 3396 N
798 3355 839 3396 on
854 3334 987 3395 multum
1001 3330 1093 3416 longe
1108 3351 1180 3393 veto
1190 3330 1351 3412 alardum,
1360 3334 1411 3396 ubi
1426 3334 1502 3418 bap-

468 3421 577 3486 tizatus
592 3421 635 3485 est
650 3421 817 3502 Dominus,
838 3419 881 3485 est
898 3420 1093 3505 monrrslerr'um
1117 3417 1213 3482 Sanc‘lr'
1231 3419 1376 3501 Iohanne,
1392 3424 1422 3485 in
1439 3447 1502 3508 quo

467 3507 534 3572 sunt
547 3511 739 3575 xenodochia
760 3507 1092 3575 du0.n1namb0bus0
1111 3529 1184 3570 vero
1199 3508 1272 3591 ripis
1294 3509 1426 3575 Iordanis
1449 3513 1503 3578 sub

468 3599 624 3663 montibus
636 3602 830 3666 inveniuntur
844 3601 1005 3683 serpentes,
1019 3598 1057 3660 de
1076 3596 1187 3681 quibus
1201 3595 1364 3662 conficitur
1379 3601 1502 3683 tyriaca.

503 3769 527 3803 a.
549 3751 588 3817 V.,
607 3754 627 3805 1.
652 3751 676 3804 in
698 3751 797 3806 alveum
815 3752 893 3805 suum.
921 3783 955 3792 —
1018 3747 1157 3820 piant—i.
1173 3748 1263 3804 tollunt
1278 3752 1337 3806 inde
1348 3753 1373 3807 d.
1386 3753 1461 3822 ἐπῆ,
1476 3757 1503 3810 l..

468 3833 492 3885 b,
504 3848 577 3901 rupes
591 3831 664 3884 strata
676 3833 701 3884 d.
716 3833 742 3886 in
755 3835 793 3900 V„
805 3835 823 3886 1,
836 3851 899 3886 -c,
917 3836 956 3901 V„
1018 3831 1075 3897 -j.
1090 3828 1127 3894 V,
1139 3831 1159 3882 l.
1170 3829 1284 3885 sindones
1296 3835 1320 3886 ἃ
1334 3832 1394 3886 alias
1410 3835 1502 3890 multas

469 3915 487 3966 1.
506 3911 531 3964 in
552 3910 650 3980 vigiliis.
664 3943 698 3952 -
714 3913 739 3966 d.
754 3916 793 3978 V,
806 3917 826 3968 1.
841 3913 952 3984 grandes
1016 3911 1118 3982 species.
1134 3939 1166 3949 —
1183 3915 1210 3966 k.
1229 3912 1270 3965 ubi
1284 3912 1371 3966 deficit
1388 3917 1413 3967 d.
1435 3915 1501 3968 iar.

468 3991 532 4043 fiunt
552 3991 635 4060 vigilie
662 3991 769 4062 populus
790 3993 898 4047 infinitus
922 3993 953 4062 (Ι.
1017 4022 1049 4033 -
1066 3995 1081 4047 l.
1107 3997 1136 4048 V.
1151 4005 1284 4065 preparet,
1309 3996 1331 4047 1.
1358 4007 1501 4064 preparant

469 4069 711 4141 apopuloinfinito).
724 4102 756 4113 -
766 4091 787 4126 e.
804 4075 827 4125 V
828 4112 846 4139 .,
859 4077 879 4127 I.
896 4091 953 4144 pro·
1018 4105 1050 4115 —
1061 4093 1094 4127 nr.
1109 4078 1143 4142 P,
1160 4077 1186 4128 t.
1201 4073 1245 4144 qui
1262 4071 1396 4126 fuerat—
1409 4092 1434 4127 u.
1449 4075 1503 4129 duo

469 4152 562 4204 cedunt
576 4151 706 4204 ministeria
720 4152 764 4205 sub
773 4153 875 4206 divo-
885 4153 902 4206 s.
913 4156 937 4207 V
937 4193 952 4218 .,
1013 4156 1037 4207 d.
1052 4154 1078 4209 ἐκ
1090 4158 1115 4208 Ρ.
1127 4185 1159 4195 -
1168 4173 1193 4208 ο.
1207 4154 1231 4206 ῐη
1244 4155 1370 4206 ambobus
1387 4157 1411 4206 d.
1426 4153 1453 4207 ἐκ
1462 4157 1502 4224 L,

469 4229 597 4285 Ldiaconi
612 4241 731 4284 tenentes.
741 4251 806 4301 -g.
822 4233 888 4298 V.,l.
901 4251 952 4302 qua
1015 4235 1054 4299 V.,
1067 4237 1087 4288 l.
1103 4235 1164 4288 tab.
1179 4233 1260 4288 inilia
1282 4249 1343 4286 vero
1363 4233 1402 4286 rel
1420 4233 1444 4286 in
1460 4235 1502 4288 ssle

471 4310 652 4368 benedixerunt
672 4311 687 4368 f.
708 4343 742 4354 -
755 4312 781 4366 h.
798 4315 837 4378 V.‚
854 4315 874 4370 1.
892 4313 950 4368 inci·
1014 4313 1093 4388 rippa.
