3434 5704
682 541 789 638 (326)
1201 558 1245 640 43

220 777 432 858 ‹enideravie
451 797 509 842 nec
523 776 616 845 latere
635 797 746 862 aquam
765 775 863 861 pallus
884 778 926 847 eit
948 777 1055 860 (Gen.,
1079 795 1169 856 xxvi,
1193 777 1250 859 18).

221 863 397 931 ‹Tollatut
414 867 506 948 igitur
520 866 616 946 ruina,
638 883 671 929 ut
685 867 749 930 vita
768 885 921 952 appareat,
939 883 1098 951 promatur
1121 865 1250 950 gladius,

219 974 314 1036 equo
336 955 399 1018 veri
424 953 529 1020 Goliae
549 969 642 1038 caput
655 954 699 1016 est
719 971 910 1039 amputatum
932 957 954 1035 (1
975 955 1063 1040 Reg„
1083 973 1163 1034 xvii,
1181 953 1248 1036 5r):

220 1068 232 1100 ι
251 1041 403 1124 aperiatur
417 1043 528 1106 humus
540 1060 573 1107 ut
590 1041 666 1106 salus
677 1043 790 1126 fulgeat
804 1039 891 1124 (lsai,
902 1063 976 1124 xiv,
990 1045 1030 1126 8).
1050 1043 1138 1131 Quid
1156 1041 1251 1128 egisti,

221 1157 233 1190 ι
251 1130 383 1209 diabole,
404 1147 438 1194 ut
452 1130 650 1196 absconderes
665 1132 793 1216 lignum,
816 1133 869 1196 nisi
891 1149 925 1196 ut
940 1136 1049 1196 iterum
1063 1129 1249 1196 vincereris?

221 1247 233 1280 ι
250 1221 335 1283 Vicit
346 1237 374 1282 te
387 1219 498 1300 Maria,
513 1243 582 1304 quae
592 1222 697 1303 genuit
712 1221 974 1304 triumphatorem,
989 1244 1057 1306 quae
1072 1218 1133 1283 sine
1145 1219 1248 1284 immi-

220 1337 233 1366 «
252 1310 379 1373 nutione
391 1309 570 1392 virginitatis
585 1309 680 1372 edidit
693 1331 775 1388 euin,
790 1311 841 1394 qui
854 1309 1017 1374 crucifixus
1032 1310 1166 1373 vinceret
1178 1307 1249 1372 te&

221 1426 233 1458 e
252 1414 390 1462 mortuus
404 1397 583 1482 subiugaret.
606 1398 788 1464 Vinceris&
805 1399 908 1478 hodie,
928 1416 963 1462 ut
978 1398 1087 1462 mulier
1101 1415 1166 1462 tuas
1181 1395 1249 1460 insi·

221 1515 233 1546 ‹
252 1488 316 1550 dias
330 1487 547 1569 deprehendat.
562 1483 619 1550 Illa
637 1486 718 1571 quasi
736 1485 837 1550 sandia
851 1487 1026 1552 Dominum
1041 1486 1178 1572 gestavit,
1191 1507 1249 1569 ego

221 1603 233 1634 e
251 1595 373 1638 crucem
389 1575 453 1641 eius
467 1573 670 1658 investigabo:
693 1574 745 1638 illa
758 1594 937 1660 generatum
951 1577 1069 1655 docuit,
1088 1597 1145 1660 ego
1160 1573 1250 1638 resus-

221 1691 233 1722 ‹
251 1664 394 1726 citatum:
409 1662 461 1724 illa
476 1663 548 1726 secit
562 1680 595 1726 ut
607 1663 695 1727 Deus
710 1663 789 1726 inter
803 1664 944 1728 homines
960 1666 1123 1743 videretur,
1137 1685 1195 1748 ego
1211 1665 1248 1725 ad

220 1779 233 1809 ι
251 1751 426 1815 nostrorum
433 1752 604 1815 remedium
613 1769 810 1835 peccatorum
819 1753 957 1816 divinum
968 1756 1006 1817 de
1015 1754 1111 1817 ruinis
1121 1752 1250 1816 elevabo

220 1867 233 1898 e
251 1839 406 1903 vexillum.
428 1867 441 1899 ι

260 1955 273 1985 ‹
298 1929 410 2011 Aperit
423 1931 525 2014 itaque
540 1931 679 2009 humum,
698 1931 814 1994 decutit
836 1930 1009 2013 pulverem:
1036 1929 1092 1993 tria
1113 1926 1250 2012 patibula

217 2016 341 2080 confusa
354 2019 475 2101 reperit,
494 2041 563 2103 quae
582 2020 669 2081 ruina
684 2034 871 2096 contexerat,
887 2020 1028 2082 inimicus
1043 2016 1249 2081 absconderat.

218 2105 276 2168 Sed
297 2127 359 2168 non
376 2108 476 2190 potuit
490 2106 654 2170 oblitterari
673 2107 786 2172 Christi
802 2108 985 2190 triumphus.
1009 2104 1131 2170 Incerta
1147 2105 1250 2183 haeret,

219 2215 252 2256 ut
267 2195 391 2270 mulier3
406 2195 453 2256 sed
469 2211 582 2257 certain
597 2195 773 2278 indaginem
788 2193 917 2277 Spiritus
931 2192 1050 2258 sandius
1065 2192 1197 2275 inspirat,
1210 2212 1249 2252 eo

218 2282 301 2363 quod
324 2281 387 2344 duo
409 2282 542 2348 latrones
563 2305 633 2346 curn
656 2281 797 2348 Domino
821 2281 956 2345 crucifixi
979 2282 1098 2344 fuerint.
1127 2277 1250 2366 Quaerit

217 2391 292 2452 ergo
313 2371 449 2433 inedium
468 2371 594 2455 lignum.
616 2371 673 2434 Sed
696 2387 815 2454 poterat
836 2369 900 2434 fieri
925 2386 958 2433 ut
972 2367 1108 2453 patibula
1127 2369 1206 2430 inter
1220 2366 1249 2429 se

217 2459 307 2520 ruina
318 2460 530 2539 confunderet,
550 2461 634 2524 casus
649 2461 822 2522 inverteret.
843 2459 938 2522 Redit
958 2460 994 2522 ad
1010 2456 1169 2542 Evangelij
1187 2456 1249 2520 lec·

218 2543 345 2623 tionem,
359 2547 476 2614 invenit
489 2548 561 2631 quia
574 2549 605 2610 itt
620 2549 724 2612 medio
736 2547 874 2630 patibulo
887 2546 1028 2629 praelatus
1044 2543 1149 2608 titulus
1164 2560 1247 2608 erat:

220 2626 330 2695 «Iesus
344 2634 537 2716 Nazarenus,
550 2635 618 2699 Rex
640 2632 846 2698 Iudaeorum»
874 2631 982 2714 (Ioan,
1002 2654 1068 2714 xix,
1089 2645 1145 2716 19).
1166 2632 1249 2695 Hinc

217 2719 348 2786 colletta
368 2721 410 2784 est
430 2723 517 2786 series
536 2725 681 2804 veritatis,
702 2723 793 2786 titulo
807 2745 881 2786 crux
897 2725 995 2806 patuit
1010 2723 1153 2786 salutaris.
1176 2721 1248 2783 Hoc

218 2808 357 2893 estquod
373 2813 546 2896 petentibus
556 2809 667 2876 Iudaeis
683 2808 796 2874 Pilatus
810 2810 979 2893 respondit:
997 2837 1008 2870 ι
1026 2808 1125 2897 Quod
1138 2805 1249 2891 scripsi,

219 2921 232 2952 i
250 2895 349 2981 scripsi
367 2925 380 2956 ι
398 2897 498 2981 (ibid,
511 2909 573 2980 aa),
590 2901 619 2962 id
636 2897 687 2978 esi,
700 2919 763 2961 non
778 2920 814 2961 ea
829 2895 939 2980 scripsi,
960 2921 1030 2981 quae
1043 2897 1131 2961 vobis
1147 2896 1248 2979 place·
1308 2909 1312 2920 “

218 3005 296 3064 rent,
309 2986 357 3049 sed
373 3011 442 3071 quae
454 3006 527 3054 aetas
542 2990 643 3052 futura
662 2985 876 3071 cognoscerem
898 3009 960 3049 non
976 2987 1063 3050 vobis
1077 2985 1185 3068 scripsi,
1199 2985 1247 3048 sed

218 3074 395 3158 posteritati,
410 3077 634 3160 propemodum
648 3078 770 3140 dicens:
790 3075 910 3145 Habeat
925 3075 1044 3140 Helena
1059 3076 1142 3160 quod
1157 3073 1248 3158 legat,

218 3163 298 3226 unde
311 3186 436 3229 crucem
452 3165 583 3229 Domini
598 3165 805 3248 recognoscat.

259 3277 271 3309 ι
296 3249 418 3316 Invenit
445 3276 518 3338 ergo
548 3252 682 3333 titulum,
710 3252 829 3336 Regem
850 3251 1008 3331 adoravit,
1038 3272 1102 3313 non
1129 3251 1248 3334 lignum

218 3341 333 3424 utique,
354 3341 426 3424 quia
451 3344 502 3406 hic
523 3342 644 3428 gentilis
668 3341 710 3404 esi
724 3361 807 3404 error
828 3339 989 3406 &vanitas
1006 3341 1183 3422 impiorum,
1198 3338 1246 3402 sed

217 3430 356 3492 adoravit
366 3429 464 3510 illurn,
476 3434 529 3515 qui
540 3431 687 3514 pependit
698 3431 728 3492 iii
740 3429 835 3514 ligno,
850 3429 977 3512 scriptus
989 3430 1019 3491 in
1032 3428 1138 3491 titulo:
1151 3428 1248 3507 illurn,

218 3519 352 3602 inquam,
372 3521 425 3606 qui
439 3522 513 3584 sicut
526 3521 688 3585 scarabaeus
708 3519 861 3597 clamavit,
883 3533 916 3582 ut
931 3517 1174 3599 persecutoribus
1189 3517 1247 3579 stiis

218 3605 441 3692 Paterpeccata
455 3611 581 3682 donaret
596 3608 696 3691 (Luc,
715 3626 807 3687 xxm,
827 3615 885 3691 34).
912 3607 1014 3672 Avida
1035 3606 1145 3669 mulier
1168 3603 1248 3671 sesti-

217 3698 307 3759 nabat
332 3714 456 3781 tangere
478 3698 648 3761 temedium
673 3695 926 3774 immortalitatis,
948 3695 1103 3758 metuebat
1128 3691 1246 3758 calcare

217 3785 435 3851 sacramentum
453 3784 562 3850 salutis.
588 3785 677 3850 Laeto
692 3787 787 3849 corde
801 3784 1007 3866 &trepidanti
1022 3781 1158 3866 vestigio,
1171 3782 1245 3865 quid

217 3875 330 3938 faceret
345 3873 503 3938 nesciebat.
518 3873 673 3938 Pertendit
690 3891 791 3937 tamen
807 3875 844 3936 ad
856 3871 958 3935 cubile
969 3871 1113 3949 veritatis,
1128 3869 1246 3954 lignum

218 3961 339 4044 refulsit,
360 3964 499 4046 &gratia
513 3963 630 4027 micuit.
657 3961 698 4025 Et
720 3963 792 4046 quia
813 3962 874 4024 iam
893 3961 1052 4026 soeminam
1077 3959 1248 4022 visitaverat

218 4052 355 4118 Christus
369 4055 400 4116 in
421 4052 536 4130 Maria,
555 4051 684 4135 Spiritus
706 4053 735 4114 in
751 4049 871 4114 Helena
886 4046 1029 4113 visitavit:
1052 4049 1159 4111 docuit
1179 4069 1246 4110 eam

218 4145 300 4228 quod
322 4141 431 4205 mulier
450 4139 621 4225 ignorabat,
643 4139 814 4204 &deduxit
834 4139 974 4216 inviam,
994 4156 1087 4220 quam
1108 4135 1246 4200 mortalis

217 4232 290 4296 scire
304 4253 367 4294 non
382 4246 509 4314 poterat.

260 4347 272 4380 ι
299 4315 451 4408 Quaefivit
482 4319 596 4398 clavos,
629 4318 739 4402 quibus
770 4313 932 4381 crucifixus
962 4313 1003 4376 eit
1027 4311 1246 4392 Dominus&
