3448 5718
261 562 316 632 Vl.
342 577 590 646 ninovensis,
610 577 660 629 nn
677 576 763 630 ssno
780 577 927 630 πω
943 576 1119 630 sennenn.
1171 565 1223 650 xxj

195 811 316 876 neom,
338 795 510 883 Tbeodofius.
530 794 617 859 Illum
635 795 781 859 eliaconum
803 809 856 858 aut
874 794 1121 858 archidiaconum¹
1132 795 1229 881 suiffe

187 898 304 987 scinncs,
319 895 440 979 amplius
455 907 546 957 autem
560 895 593 956 de
606 895 663 958 eius
675 892 806 982 persona,
826 895 889 956 vito
908 895 942 956 Εἰ
953 895 1055 978 patria
1076 895 1228 978 quidquam

195 993 322 1075 colligere
336 993 518 1074 nequivimus.

234 1088 270 1151 In
290 1089 426 1179 prasenti
441 1088 627 1174 compilatione
648 1089 723 1151 nobis
740 1089 933 1171 distinguenda
951 1091 1071 1174 estpars
1089 1089 1229 1172 antiquior

194 1188 231 1250 ab
241 1185 347 1265 altera,
361 1210 425 1270 qua
435 1188 570 1272 posterius
583 1185 660 1270 operi
668 1187 788 1268 genuino
798 1186 997 1270 additasuiffe
1011 1187 1135 1249 videtur.
1149 1187 1230 1272 ,Qua

192 1285 284 1367 prior,
294 1307 378 1366 quum
386 1284 429 1371 set
441 1307 525 1368 quam
539 1285 568 1346 in
583 1282 760 1368 Sangallenst
773 1307 806 1346 ae
822 1283 973 1370 Parefienst
986 1284 1120 1347 codicibus
1127 1284 1229 1370 pafflm

193 1395 356 1444 nuncatam
382 1383 545 1468 reperimus,
567 1383 648 1446 unius
671 1384 792 1446 eutnrs's
812 1397 878 1466 opus
895 1381 1119 1470 principissam
1133 1381 1229 1466 fuiſjc

79 1549 81 1552 ,
190 1481 288 1564 potuit.
304 1479 465 1564 Praecipuae
482 1481 575 1564 partis
587 1493 697 1542 aetotem
718 1480 761 1540 ad
773 1481 908 1563 peiorem,
929 1492 961 1541 ut
978 1479 1036 1542 iam
1059 1480 1162 1542 dietum
1183 1482 1229 1564 est,

184 1575 263 1664 sexti
271 1576 378 1666 saeculi
388 1592 499 1661 partem
513 1578 617 1662 refero.
640 1578 693 1640 Aa
709 1576 782 1640 banc
800 1577 948 1660 opinionem
969 1600 1002 1638 ex
1021 1597 1049 1637 co
1068 1575 1229 1666 prasertim

194 1674 292 1736 mnus
306 1674 386 1763 sum,
406 1676 482 1756 quod
497 1675 527 1736 in
546 1697 579 1737 ea
599 1675 632 1736 de
654 1673 820 1763 quibusdam
834 1673 917 1735 rebus
936 1673 1034 1734 mentio
1053 1672 1229 1752 inveniatur,

194 1793 257 1853 qua
266 1786 322 1855 per
341 1770 514 1858 invasionem
537 1771 694 1860 Persarum
714 1773 749 1835 δέ
763 1771 899 1832 Arabum
912 1769 1120 1831 dominationem
1136 1771 1229 1854 posteo

193 1882 311 1930 mutata
324 1870 415 1958 sunt,·
434 1869 496 1930 dein
515 1870 589 1952 quod
610 1869 715 1930 mirum
734 1869 764 1929 in
788 1869 898 1930 modum
919 1889 980 1928 cum
1004 1866 1230 1956 descriptionibus

194 1966 348 2028 Antonini
363 1967 503 2049 martyris
518 1966 660 2056 (quisone
674 1965 809 2028 recentior
823 1966 873 2050 cst)
888 1978 1031 2046 congruat.
1051 1963 1122 2026 Cum
1138 1979 1229 2027 autem

190 2062 299 2146 pluries
320 2060 481 2149 Tbeodefius
494 2061 680 2148 Anastostum
694 2063 901 2145 imperatorem,
919 2061 968 2143 qui
985 2061 1067 2124 annis
1084 2079 1230 2145 491-527,

193 2158 345 2223 moninus
358 2183 428 2222 vero
442 2159 638 2246 Icesb'nianum,
652 2161 700 2242 qui
718 2161 799 2223 annis
819 2177 951 2242 527·557
977 2160 1119 2241 regnavit,
1142 2161 1230 2222 nomi-

193 2272 266 2337 nmt,
279 2257 383 2343 ncceffe
398 2259 435 2343 est
448 2281 533 2320 unum
546 2262 580 2322 &
595 2257 716 2320 altorum
720 2258 797 2348 satis
802 2255 916 2343 fidelem
936 2255 1080 2345 utriusque
1093 2257 1230 2342 principis

196 2355 358 2420 mennonium
372 2354 508 2440 babuiffe.

234 2452 264 2513 Si
287 2466 379 2514 autem
405 2477 451 2516 eas
467 2466 576 2538 partes,
597 2475 660 2536 quae
678 2452 814 2537 posterius
837 2451 951 2531 additae,
971 2452 1005 2513 Θ
1024 2451 1104 2516 intro
1120 2469 1230 2538 paren-

193 2549 277 2638 tbeses
292 2551 353 2632 (...)
370 2575 389 2612 a
402 2551 476 2613 nobis
493 2551 523 2611 in
538 2549 591 2611 bac
613 2548 724 2611 editione
736 2547 917 2638 pofitaesunt,
933 2550 1150 2632 examinaveris,
1165 2555 1230 2617 oni-

193 2649 354 2711 inadvertes
367 2649 396 2710 c'n
411 2647 452 2711 bis
464 2647 537 2733 -β
549 2647 665 2728 regionis
679 2647 757 2710 circa
770 2647 908 2709 Bethleem
919 2650 953 2712 Η
969 2645 1006 2708 H
1006 2649 1089 2710 ebron
1103 2650 1228 2736 descrip-

194 2746 289 2807 tionem
303 2746 449 2829 exceperis,
464 2783 500 2792 -
516 2745 642 2830 historias
657 2746 797 2834 quasdam
808 2747 882 2830 pios,
887 2746 1055 2835 scottorum
1075 2748 1229 2833 epitaphia,

194 2858 275 2925 atque
288 2843 343 2906 iter
349 2843 478 2929 filiorum
499 2843 597 2933 Israel
604 2858 658 2926 per
676 2845 787 2932 deserta
798 2843 971 2932 solummodo
993 2845 1133 2925 contineri,
1153 2849 1231 2909 cuius

194 2941 301 3023 quidem
314 2941 420 3004 itineris
434 2940 669 3025 auderemsuiffe
687 2939 794 3003 Tboodo
805 2961 862 3002 eum
877 2940 1005 3004 nonnulli
1014 2942 1094 3032 false
1105 2959 1231 3028 putave-

194 3053 270 3102 runt.
287 3039 397 3101 Procul
403 3039 485 3100 dubio
496 3039 577 3116 enim,
592 3051 624 3099 eet
636 3037 761 3122 exempla
772 3039 906 3124 affiram,
921 3039 950 3100 in
961 3038 1101 3105 XXVII
1112 3040 1232 3124 capitulo

190 3151 263 3220 pars
277 3136 376 3218 aliqua
395 3135 493 3198 addito
508 3136 554 3214 cst,
573 3157 658 3216 quum
672 3135 700 3196 in
714 3158 743 3196 eo
755 3136 789 3197 dc
805 3135 904 3219 Pipino
923 3136 943 3199 I
954 3137 1132 3200 Francorum
1144 3137 1229 3222 prin-

195 3235 259 3316 cipe,
273 3233 321 3314 qui
340 3256 412 3294 anno
433 3249 490 3316 752
512 3255 635 3316 regnare
657 3233 765 3316 incepit,
788 3248 903 3317 agenor.
924 3235 970 3298 Ex
991 3259 1019 3298 eo
1041 3250 1143 3316 eutem,
1158 3237 1233 3317 quod

194 3331 289 3393 deinde
302 3333 331 3392 in
346 3347 409 3416 cop.
421 3330 546 3393 XXIX
555 3331 657 3393 dietum
669 3329 712 3414 fit,
725 3328 867 3393 Paeneam
881 3354 964 3395 nunc
979 3332 1119 3396 Belinnm
1135 3357 1229 3396 nomen

194 3429 306 3509 babere,
326 3433 359 3493 n
377 3431 451 3512 quod
469 3429 542 3492 alias
564 3427 747 3492 Theodericus
768 3429 932 3493 declaro-2
952 3431 1056 3494 ‹Heec
1078 3429 1232 3514 (Caesarea

195 3523 338 3610 Philippi)
352 3551 371 3590 a
384 3526 519 3588 modernis
534 3523 656 3588 Belinas
672 3525 845 3608 appelletur,
856 3551 868 3582 s
879 3527 1071 3613 evidentifflme
1082 3541 1163 3612 potet
1173 3527 1231 3591 baec

194 3628 286 3688 verba
295 3626 466 3714 postsecras
480 3625 658 3707 expeditiones
673 3623 883 3708 additefuiſje.

233 3721 322 3784 Nunc
345 3720 457 3806 verost
476 3718 684 3808 descriptionem
705 3721 775 3784 Viae
797 3743 964 3805 puerorum
986 3719 1077 3786 Israel
1104 3725 1231 3789 abentius

231 3973 243 4006 s
266 3951 481 4006 Ascbidiaconucn
500 3970 558 4005 eum
580 3963 674 4004 vocant
743 3952 760 4004 s.
785 3953 945 4006 Theodosios
968 3953 1172 4016 oschimandsitn,
1199 3955 1232 4008 de

193 4035 305 4104 optimus
320 4033 400 4086 codex
413 4031 504 4102 operis,
519 4033 561 4085 cui
574 4033 675 4086 situluss
743 4050 796 4102 quo
806 4031 863 4086 vide
873 4034 1041 4100 bononien.
1052 4035 1232 4100 mens,1,686,

195 4117 234 4168 De
248 4113 298 4182 βω
324 4111 408 4166 ‘Ierrae
434 4115 527 4166 Sondae
537 4113 677 4180 secundum
744 4111 846 4164 &infra
865 4114 972 4166 indicem
991 4116 1100 4168 nostrum
1119 4114 1232 4183 peregri·

195 4193 242 4247 ‘He
265 4193 322 4262 (ef.
345 4211 369 4263 p.
391 4197 442 4260 ει),
462 4209 560 4246 necnon
579 4195 678 4246 Gerra·
745 4211 830 4246 norum
844 4193 877 4245 nd
890 4211 947 4248 ann.
967 4213 1089 4262 50¹·529·

193 4274 239 4328 iius
252 4271 413 4327 Tilbesiensss
428 4275 470 4340 (cf.
483 4273 547 4326 infra
559 4292 584 4343 p.
598 4273 676 4342 sociij).
781 4293 796 4326 n
812 4273 853 4326 ef.
871 4273 989 4328 libellum
1007 4277 1038 4328 de
1053 4275 1120 4328 Locis
1123 4273 1232 4343 fondis,

194 4353 333 4423 Theodofij
360 4351 435 4406 nostri
461 4369 562 4407 coaevus
586 4353 678 4406 exstitit
746 4371 773 4423 p.
792 4371 851 4408 ιοο.
