3432 5710
667 558 773 660 (5⁶2)
1176 581 1242 662 233

209 802 430 866 venerabilium
446 803 618 885 pignorum,
633 801 662 864 δι
679 801 843 864 secundum
859 802 942 883 quod
959 798 1142 863 defiderium
1154 803 1246 866 habe-

209 893 260 955 bat
279 893 310 953 in
325 893 527 954 veneracione
549 891 627 953 beati
649 889 794 952 Iohannis
811 890 954 971 Baptistae
973 892 1002 952 in
1020 890 1181 954 Morienna
1196 913 1247 952 ec-

209 977 330 1042 clesiam
345 978 486 1042 edificare
502 979 654 1061 disposuit.

281 1080 431 1150 [sranstatio
438 1080 506 1148 reliq.
507 1080 532 1146 fi
539 1082 588 1133 lost.
594 1081 713 1148 Baptista,
719 1101 748 1133 ex
757 1083 869 1150 quodam
879 1082 967 1133 codiee
977 1099 1129 1150 pergameno
1138 1081 1248 1134 ecclesrae

210 1163 227 1213 s.
246 1161 362 1213 Iohannis
377 1161 568 1226 Maurianenfis,
580 1161 634 1214 saec.
651 1163 675 1212 X
691 1162 819 1228 consed'i03
836 1163 861 1213 in
876 1161 941 1214 notis
955 1162 986 1212 ad
1003 1161 1200 1228 Greg.Turon.,
1211 1163 1249 1212 De

205 1241 290 1310 gloria
303 1253 448 1313 martyrum,
460 1261 484 1295 e.
500 1261 539 1309 ¹4»
553 1243 651 1307 inserta,
665 1241 705 1294 ed.
723 1243 839 1307 Bordier‚
854 1243 873 1305 1,
889 1259 912 1310 p.
923 1261 966 1304 44,
980 1259 1004 1292 n.
1020 1244 1057 1308 a]

253 1345 395 1410 «1,εᾶἰο
410 1345 433 1408 Ι.
456 1345 529 1410 Fuit
542 1349 573 1408 in
593 1346 701 1408 diebus
721 1344 948 1428 praestantissimi
971 1347 1048 1427 regis
1069 1345 1246 1410 Gontranni

213 1435 322 1498 mulier
332 1437 457 1498 nomine
468 1436 584 1518 Tygris
596 1453 664 1496 orta
675 1436 705 1496 in
719 1434 870 1497 territorio
879 1433 1101 1520 Maurianenst,
1112 1433 1183 1495 loco
1195 1436 1246 1516 qui

215 1523 246 1587 V
243 1526 363 1586 oleviam
378 1525 566 1603 nominatur,
577 1522 672 1585 nobili
690 1523 779 1604 stirpe
794 1523 962 1606 progenita,
977 1521 1124 1606 sacrisque
1139 1522 1248 1586 litteris

211 1612 392 1675 sufficienter
409 1613 559 1675 instrudla

253 1764 265 1794 ‹
285 1737 396 1800 Lectio
410 1734 450 1798 ΙΙ.
467 1737 630 1800 Habebunt
645 1751 746 1798 autem
772 1735 883 1798 sociam
906 1733 958 1797 stbi
977 1736 1107 1798 sororem
1122 1737 1248 1798 nomine

212 1825 412 1910 Pigmeniam,
427 1849 496 1910 quae
510 1824 703 1908 coniugalem
725 1823 898 1887 societatem
912 1825 1069 1906 quondam
1093 1825 1249 1903 habuerat,

212 1914 259 1977 sed
275 1915 421 1977 desundlo
437 1916 548 1976 marito
563 1915 756 1976 continenter
778 1913 892 1991 vivens,
913 1912 1023 1975 sororis
1045 1915 1248 1976 contubernio

211 2004 241 2067 bt
256 2004 404 2066 dodtrinis
420 2004 449 2065 in
466 2004 576 2066 divinis
591 2002 724 2066 cultibus
739 2001 767 2063 bt
784 2023 953 2084 pauperum
965 2001 1126 2085 obsequiis.

254 2145 265 2177 ‹
281 2118 393 2181 1,εᾶἰο
404 2115 461 2180 III.
475 2119 633 2181 Vacabant
646 2119 748 2200 itaque
758 2117 855 2178 ambae
868 2117 987 2180 ieiuniis
996 2116 1025 2180 bv
1035 2117 1146 2201 vigiliis
1154 2135 1246 2202 atque

213 2207 383 2270 sandlorum
398 2207 537 2269 locorum
552 2205 782 2268 visitationibus.
796 2205 872 2267 Haec
888 2205 916 2267 dt
933 2205 992 2269 illis
1009 2222 1111 2268 cetera
1127 2209 1248 2289 pietatis

212 2318 306 2378 opera
326 2297 495 2379 agentibus,
518 2297 629 2358 accidit
652 2311 684 2356 ut
706 2297 928 2356 monachorum
944 2294 1152 2377 religiosorum
1169 2296 1248 2358 frue-

211 2400 314 2447 rentur
328 2385 460 2446 adventu
476 2386 527 2467 qui
544 2406 580 2446 ex
596 2383 824 2472 Ierosrvsimitarzis
840 2383 974 2464 partibus
992 2383 1110 2446 Scoriam
1127 2404 1250 2467 pergere

212 2475 392 2536 fatebantur.

254 2616 265 2646 ‹
281 2589 393 2653 1,εᾶἰο
405 2587 462 2650 IV.
476 2590 569 2670 Apud
586 2611 664 2672 quos
680 2610 750 2650 cum
767 2590 868 2650 triduo
882 2590 1117 2650 demorarentur
1133 2589 1170 2651 de
1182 2591 1249 2651 reli.

213 2680 293 2762 quiis
316 2676 406 2740 sandli
434 2677 579 2740 Iohannis
604 2677 755 2758 Baptistae,
776 2676 899 2738 volente
916 2676 1067 2754 Domino,
1091 2699 1162 2739 cum
1189 2678 1249 2742 illis

212 2766 382 2828 habuerunt
396 2764 588 2848 colloquium
608 2765 744 2827 dicentes
759 2785 829 2826 eum
855 2763 1042 2826 decollatum
1063 2761 1148 2825 soille
1169 2765 1248 2845 apud

213 2854 369 2936 quoddam
384 2854 508 2916 Arabiae
519 2852 675 2916 castellum
693 2853 774 2935 quod
792 2853 968 2915 Mac'eronta
982 2853 1159 2914 nominatur
1177 2853 1248 2915 &in

212 2944 336 3004 civitate
352 2943 495 3004 Samaria
509 2965 578 3026 quae
592 2963 674 3004 nunc
689 2943 797 3026 Sebaste
807 2942 918 3003 dicitur
933 2943 1142 3017 reconditum;
1158 2959 1251 3023 caput

213 3047 314 3092 autem
342 3031 533 3118 lerosolimam
564 3029 714 3113 perlatum
743 3028 772 3091 bt
800 3031 841 3091 ibi
871 3050 942 3090 cum
970 3029 1106 3091 maximo
1132 3032 1250 3092 honore

213 3119 384 3182 humatum.

256 3259 267 3291 ‹
287 3232 398 3296 Ledlio
416 3234 455 3296 V.
471 3230 542 3295 Post
557 3232 649 3314 longa
670 3231 884 3295 decollationis
899 3233 964 3294 eius
981 3249 1119 3314 tempora
1133 3236 1170 3297 ab
1186 3235 1250 3316 ipso

214 3321 383 3384 revelatum
403 3322 523 3384 duobus
539 3321 696 3382 monachis
715 3321 914 3384 orientalibus
935 3323 985 3404 qui
1003 3322 1149 3386 orationis
1164 3325 1251 3387 causa

213 3426 360 3472 venerant
381 3411 446 3473 Iera
461 3410 574 3471 olimam
596 3408 624 3470 dt
647 3409 717 3470 inde
737 3409 773 3471 ad
796 3409 922 3493 Ediffem
948 3411 1074 3474 Phenicis
1094 3413 1249 3474 civitatem

214 3496 372 3579 perlatum.
389 3498 422 3562 O
447 3519 552 3578 aveto
568 3499 633 3560 eius
649 3497 749 3559 sandla
763 3499 845 3580 prius
857 3500 894 3559 de
909 3497 1046 3561 Samaria
1062 3500 1251 3590 lerosolintam

214 3586 386 3648 translata&
396 3587 465 3648 inde
476 3587 512 3648 ad
522 3587 734 3649 Alexandriam
744 3585 916 3667 transmissa,
925 3588 974 3648 ubi
984 3611 1065 3650 nunc
1074 3591 1104 3650 in
1116 3587 1251 3668 ecclesia,

213 3697 282 3759 quae
296 3677 327 3738 in
344 3676 433 3759 ipsius
448 3675 574 3738 nomine
589 3674 632 3738 est
646 3675 831 3754 consecrata,
846 3678 1005 3738 recondita
1020 3676 1179 3740 habentur.

256 3813 267 3845 ‹
285 3788 396 3852 1,εᾶἰο
411 3787 467 3852 VI.
478 3786 576 3874 Quod
586 3790 690 3851 divina
701 3790 894 3872 providentia
906 3790 1048 3853 dicebant
1062 3790 1119 3852 esse
1136 3792 1249 3855 saelum

214 3892 248 3938 ut
271 3876 385 3940 scilicet
399 3899 453 3960 per
475 3877 563 3960 plura
584 3877 653 3940 loca
677 3881 844 3961 deportatis
860 3881 937 3941 beati
955 3881 1093 3964 martyris
1114 3881 1250 3965 reliquiis

215 3965 300 4046 plura
322 3967 468 4028 virtutum
491 3964 573 4049 signa
597 3967 663 4048 post
685 3968 750 4030 eius
773 3968 1021 4046 decollationem,
1047 3969 1169 4034 Christo
1192 3973 1251 4032 lar-

213 4053 325 4135 giente,
336 4055 386 4114 cui
399 4054 606 4116 testimonium
620 4055 773 4135 perhibuit
790 4053 934 4138 cuiusque
950 4076 1050 4136 praeco
1062 4057 1109 4117 vel
1120 4079 1249 4138 praecur-

215 4139 260 4201 sor
275 4143 386 4220 extitit,
400 4165 454 4224 per
470 4164 519 4204 eas
535 4141 642 4205 fierent
658 4143 821 4205 manifesta.

256 4282 268 4312 ‹
288 4255 399 4318 1,εᾶἰο
416 4251 486 4317 Vll.
506 4254 655 4317 Instrudla
669 4257 769 4318 taliter
785 4256 847 4318 Dei
864 4259 976 4320 famula
991 4281 1007 4320 a
1024 4261 1154 4341 praesatis
1169 4262 1251 4338 viris,

216 4344 399 4409 abeuntibus
415 4343 484 4423 illis,
495 4346 591 4426 coepit
606 4347 662 4407 iter
673 4346 758 4408 suum
771 4346 831 4410 Dei
849 4348 963 4410 auxilio
976 4369 1151 4430 praeparare,
1163 4352 1252 4412 unius

356 4435 377 4487 Ρ
1060 4457 1091 4504 30
