3354 5706
469 541 520 596 un
544 543 648 598 Locls
674 543 839 598 saneris.
1067 545 1130 620 177

104 771 224 868 quibus
252 801 345 864 unus,
369 801 438 871 quo
455 775 529 847 casu
546 776 714 848 accidente
732 776 881 866 nescitur,
906 773 1036 846 induas
1053 799 1132 845 con-

103 881 223 952 srastus
247 906 371 978 partes,
396 884 527 971 iterum,
556 883 753 956 ferramento
780 882 1007 974 condensatus,
1033 909 1131 954 manu

102 986 233 1058 artificis
250 991 445 1062 coniunslus
458 990 510 1061 est.
527 990 674 1088 Galgalis
691 991 812 1086 iraque,
830 989 886 1062 ubi
900 991 994 1087 supra
1007 1015 1132 1061 memo-

102 1120 171 1164 rata
205 1094 344 1166 fundata
374 1097 418 1166 est
449 1095 589 1187 ecclesia,
622 1096 664 1167 ad
698 1097 889 1169 orientalem
919 1094 1133 1192 antiquissime

105 1200 227 1272 {ericho
253 1202 388 1300 plagam
414 1203 458 1273 cis
478 1201 660 1294 Iordanem,
691 1205 735 1274 est
761 1205 794 1274 in
823 1203 907 1274 sorte
924 1202 1023 1275 tribus
1045 1201 1134 1292 luda,

105 1309 222 1402 quinto
249 1309 400 1380 milliario
424 1307 467 1381 ab
486 1311 618 1402 Iericho,
646 1308 752 1382 ubi&
773 1309 1018 1383 tabernaculum
1033 1309 1134 1380 fixum

105 1415 210 1485 multo
228 1441 380 1511 tempore
400 1417 477 1488 sitit:
494 1420 529 1488 in
547 1443 615 1513 quo
628 1418 716 1509 loco,
734 1442 769 1488 ut
782 1417 925 1510 traditur,
943 1420 987 1490 est
1004 1416 1135 1489 ecclesa

106 1523 200 1618 supra
217 1523 305 1594 diua
323 1525 516 1616 construsla,
533 1525 567 1594 in
585 1549 649 1619 qua
666 1525 711 1596 illi
729 1522 874 1597 duodeni
896 1527 990 1623 supra
1006 1551 1133 1596 memo·

106 1629 164 1700 rati
181 1627 343 1701 habentur
362 1631 498 1727 lapides,
521 1630 563 1702 ab
580 1631 662 1702 illius
684 1632 826 1729 regionis
843 1631 1033 1704 mortalibus
1051 1632 1135 1702 mito

106 1737 191 1808 cultu
210 1739 246 1807 ἃ
263 1736 512 1809 honorificentia
528 1736 668 1810 habita!

138 2019 222 2091 XlV.
237 2027 290 2090 ‘De
301 2023 379 2108 loco,
395 2027 426 2090 t'n
441 2047 498 2112 quo
508 2028 662 2091 Dominus
676 2025 710 2090 ob
724 2025 855 2090 Iohanne
867 2025 1035 2114 boprirotus
1052 2027 1100 2114 est.

154 2216 208 2287 llle
220 2215 442 2285 sacrosanous
456 2218 490 2285 ὃ(
508 2212 708 2286 honorabilis
722 2215 825 2306 locus,
841 2216 875 2285 in
893 2240 960 2310 quo
973 2217 1137 2286 Dominus

110 2319 149 2394 ab
166 2321 313 2394 iohanne
332 2319 513 2419 baptizatus
530 2321 585 2411 est,
604 2322 729 2419 semper
750 2323 842 2417 aquis
860 2320 1001 2392 fluminis
1020 2325 1138 2420 tegitur

111 2427 263 2518 lordonis,
277 2430 322 2518 ἃ,
344 2424 421 2497 ficut
438 2428 588 2499 Arculfits
606 2429 716 2520 refert,
734 2430 791 2523 qui
807 2427 850 2499 ad
868 2428 1009 2500 eundem
1026 2455 1139 2527 perve-

110 2560 196 2607 nerat
215 2535 342 2624 locum,
364 2536 428 2605 huc
443 2538 478 2606 δι
498 2535 574 2606 illuc
593 2561 649 2632 per
666 2533 810 2606 eundem
826 2535 976 2606 intravit⁶
992 2535 1138 2628 fluvium,

110 2645 140 2713 in
169 2641 293 2713 eodem
322 2641 525 2712 sacrosandto
549 2643 627 2713 loco
654 2642 764 2738 lignea
791 2667 868 2713 crux
895 2641 1020 2714 summa
1042 2643 1139 2713 infixa

110 2749 161 2840 est,
185 2751 278 2820 iuxta
299 2772 399 2845 quam
421 2773 506 2844 aqua
530 2747 690 2843 usquead
720 2748 844 2820 collum
860 2748 1035 2846 longissimi
1051 2751 1141 2822 venit

111 2857 214 2927 stantis
241 2855 314 2944 viri,
343 2879 409 2946 aut,
432 2855 467 2924 in
491 2855 556 2924 alio
579 2879 726 2951 tempore
755 2856 855 2926 nimie
875 2853 1020 2927 ficcitatis
1048 2858 1139 2952 aquis

112 2963 288 3053 inminutis,
306 2959 348 3031 ad
365 2960 560 3032 mammillas
577 2962 693 3056 usque3
719 2959 933 3032 inundatione
954 2989 1032 3033 vero
1055 2965 1141 3034 sada

113 3071 242 3162 maiore,
274 3094 344 3140 tota
365 3069 419 3140 illa
450 3094 526 3139 crux
552 3095 712 3164 aquarum
738 3066 922 3139 adiedlione
949 3071 1138 3168 protegitur.

113 3176 210 3248 locus
227 3179 340 3272 itaque
363 3173 505 3246 eiusdem
522 3177 635 3266 crucis,
651 3176 685 3245 in
703 3199 782 3269 quo,
801 3199 837 3245 ut
854 3175 996 3272 superius
1014 3174 1139 3246 dietum

113 3285 163 3375 est,
172 3286 340 3354 Dominus
348 3280 528 3379 baptizatus
543 3282 596 3371 est,
611 3281 688 3351 citra
700 3280 830 3352 alveum
841 3279 983 3352 fluminis
995 3281 1139 3374 habetur,

114 3415 131 3458 a
148 3414 214 3484 quo
227 3390 307 3460 loco
326 3389 470 3484 usquein
486 3387 622 3458 alteram
634 3389 738 3483 ripam
752 3389 785 3458 in
798 3413 890 3485 parte
904 3386 1023 3460 arabie
1038 3389 1141 3460 homo

114 3495 199 3566 fortis
222 3498 344 3568 iattare
364 3493 509 3591 lapidem
529 3495 643 3590 potest,
668 3493 770 3564 sunda
791 3495 989 3592 impellente.
1011 3496 1107 3593 Igitur
1124 3521 1142 3564 a

113 3601 186 3676 loco
196 3603 294 3700 supra
304 3624 484 3673 memorate
495 3603 596 3671 crucis
612 3626 696 3697 pons
709 3599 866 3697 lapideus,
876 3599 1030 3672 arcubus‘
1047 3601 1143 3672 stritus

68 3763 72 3773 .
115 3706 154 3778 ad
175 3707 302 3780 aridam
330 3709 430 3805 usque
453 3708 641 3804 porrigitur,
664 3734 723 3804 per
741 3732 851 3802 quem,
865 3709 969 3805 ipsam
987 3707 1143 3779 adeuntes

116 3835 252 3906 crucem,
279 3839 338 3910 pet
369 3814 490 3884 clivum
510 3810 660 3884 homines
685 3812 884 3884 descendunt
904 3811 947 3884 ad
968 3811 1091 3884 aridam
1109 3814 1144 3882 δι

115 3943 307 4018 revertentes
323 3919 511 3991 ascendunt.
538 3923 570 3989 ln
589 3921 789 3991 extremitate
811 3945 888 3996 vero
906 3917 1048 3990 fluminis
1065 3946 1143 4017 que·

117 4023 190 4096 dam
202 4025 340 4098 habetur
351 4052 452 4124 parva
466 4023 623 4121 quadrata
640 4025 771 4098 ecclesa
786 4027 821 4096 in
838 4052 890 4118 eu,
908 4024 986 4097 sicut
999 4025 1143 4115 traditur,

148 4244 170 4278 a.
202 4227 290 4280 Omitto
325 4225 528 4278 honorificantur.
564 4253 595 4264 —
659 4224 703 4291 vit,
713 4221 831 4277 transivit.
846 4225 953 4277 -c.Al.
963 4224 1076 4290 cameris,
1086 4241 1145 4276 can·

118 4305 140 4356 b.
150 4306 233 4371 Rern,
245 4309 290 4376 G.;
299 4305 334 4359 al.
344 4305 517 4370 transnatavit,
528 4315 602 4357 nata·
662 4303 718 4357 cria.

1012 4449 1045 4502 ²3
