3448 5718
488 529 573 621 xlviij
913 548 1134 601 eumrueso.

490 769 732 858 honorespoliata.
750 769 784 832 N
785 794 811 832 cc
821 785 880 832 tam
892 769 1030 832 inauditae
1040 767 1166 851 petitioni
1175 790 1278 830 morem
1286 767 1394 850 gefferc
1403 783 1530 850 patres,-

487 869 516 929 iu
533 868 688 956 adversum
699 868 803 931 locutus
816 869 852 952 est
867 867 1000 950 Cyrillus,
1015 862 1224 929 ellexaudrinus
1235 865 1420 948 patriarcha,
1434 866 1528 930 luve-

489 967 628 1054 nalisque,
641 982 703 1029 voto
718 967 918 1050 defraudatus,
932 968 1029 1028 urbem
1042 965 1175 1051 santiam
1190 965 1305 1048 repetiit.
1320 979 1330 1012 ¹
1350 963 1451 1046 Neque
1465 989 1529 1027 una

490 1065 607 1151 repulsa
622 1078 767 1142 contentus,
787 1064 858 1125 idem
874 1063 1023 1126 luvenalis
1033 1086 1105 1124 anuo
1118 1081 1178 1142 450
1192 1064 1228 1124 ab
1243 1061 1379 1148 preſsno
1391 1064 1528 1127 concilia·

490 1163 606 1241 bulo,in
622 1186 672 1244 quo
686 1164 804 1224 maiores
818 1186 932 1224 numero
945 1177 1030 1224 erant
1041 1160 1169 1242 Eutyches
1179 1162 1324 1244 fautores,
1348 1163 1419 1223 hanc
1433 1161 1529 1246 ipsam

490 1259 658 1344 impetravit
674 1259 893 1344 patriarchatus
913 1261 1085 1340 dignitatem,
1107 1259 1252 1342 imperiali
1255 1260 1382 1341 favente
1397 1259 1527 1321 aut‘tori-

490 1373 557 1436 tatc,
572 1382 605 1420 ac
616 1359 727 1420 tandem
743 1380 815 1418 anno
827 1376 898 1438 451,
913 1358 955 1418 ad
964 1356 1053 1440 fidem
1068 1355 1243 1418 orthodoxam
1258 1357 1401 1443 reversus,
1416 1353 1453 1418 iob
1467 1356 1530 1441 ipso

492 1455 703 1540 Chalcedoneusi
730 1455 841 1517 concilio
872 1456 940 1516 novi
964 1453 1116 1538 privilegis
1139 1453 1372 1537 confirmationem
1401 1455 1526 1518 obtinuit.

492 1551 756 1640 Hierosolymitanae
767 1553 834 1614 eccle
848 1573 884 1613 see
895 1551 966 1614 Tres
977 1552 1141 1634 Palaestinae
1151 1551 1421 1635 conceffaefueruut,
1429 1549 1527 1613 Aruia-

491 1649 582 1712 cheuae
591 1674 665 1722 ,vero
679 1651 758 1712 Duae
774 1650 927 1713 Pboeniciae
942 1665 1023 1731 atque
1038 1649 1148 1712 Arabia
1163 1650 1277 1712 relie‘tae.

532 1749 597 1812 lam
614 1749 691 1811 illius
706 1749 838 1834 opusculi,
852 1749 926 1830 quod
935 1749 1020 1831 insra
1035 1747 1225 1826 exhibebimus,
1249 1764 1318 1810 aetas
1341 1773 1373 1810 cx
1393 1748 1450 1811 illis
1464 1770 1528 1830 quee

488 1849 654 1932 praecedunt
677 1846 802 1908 concludi
818 1849 908 1932 potest.
930 1845 999 1907 Non
1015 1861 1078 1907 ante
1093 1869 1197 1907 aunum
1211 1865 1267 1926 451
1286 1846 1428 1932 scriptum
1439 1846 1529 1930 suit;

492 1944 683 2030 veristmiliter
694 1960 796 2022 autem,
810 1968 871 2006 cum
883 1944 1004 2006 locorum
1015 1943 1258 2025 nominagraecaon
1270 1944 1398 2026 linguam
1408 1947 1528 2007 maxime

492 2042 645 2120 redoleant,
659 2066 765 2106 annum
778 2044 847 2126 637,
862 2065 911 2124 quo
922 2041 1079 2104 Sarraceni
1092 2040 1251 2125 Palaeslina
1264 2042 1432 2128 potitisunt,
1447 2058 1527 2105 antc-

492 2142 596 2203 cedit.²
612 2141 695 2225 ,Quin
710 2143 803 2219 ctiam,
821 2139 852 2225 st
865 2141 942 2202 modo
954 2139 1051 2202 lettori
1065 2163 1127 2220 qua
1145 2140 1230 2222 iufra
1245 2140 1362 2202 dicemus
1379 2143 1527 2224 probave-

494 2239 592 2316 rimus,
616 2253 679 2301 ante
694 2260 799 2299 annum
813 2254 871 2318 553
886 2235 976 2320 ipsum
991 2236 1243 2320 exaratumfuiffe
1257 2237 1472 2321 ueceffefuerit.

533 2331 581 2396 Ad
592 2335 693 2397 calcem
708 2335 777 2396 cuim
795 2331 906 2420 huiusce
924 2330 1147 2413 Descriptionis
1166 2333 1335 2415 parrochiae
1356 2330 1528 2415 Ierusalem,

494 2433 627 2495 maiorem
639 2434 790 2515 quamdam
798 2429 954 2492 Antiochia
970 2445 1051 2510 atque
1062 2427 1267 2517 Hierosolyma
1273 2431 1528 2515 patriarchatuum

494 2531 620 2593 notitiam
643 2531 712 2614 typis
726 2528 906 2605 tradidimus,
927 2550 1011 2608 quam
1026 2527 1153 2589 nonnulli
1167 2528 1266 2589 codices
1282 2528 1431 2591 Guillelmi
1446 2529 1530 2613 Tyrij

494 2627 615 2710 historia
627 2628 849 2715 subiunxcrunt,
864 2648 1025 2708 quanquam
1047 2627 1158 2688 auttori
1170 2649 1231 2686 eam
1245 2627 1438 2714 transcribere
1457 2642 1528 2690 certe

496 2726 524 2786 in
538 2726 630 2788 animo
642 2725 818 2809 nonfuerit,·
840 2747 924 2806 quam
939 2724 1047 2804 quidem
1062 2724 1186 2785 notitiam
1205 2723 1404 2811 multosacras
1417 2727 1527 2810 expedi-

495 2823 577 2885 tiones
587 2821 756 2907 praecefflffc
771 2822 915 2883 credimus.
941 2819 1042 2903 ⁷Quum
1064 2823 1135 2882 mim
1150 2819 1328 2883 Francorum
1344 2822 1438 2883 virtus
1454 2819 1528 2882 Ter-

496 2943 561 2981 ram
589 2920 718 2983 Sauttam
749 2919 908 3001 chrpsianae
924 2918 997 3003 fidei
1024 2917 1197 3002 reddidiffet,
1225 2919 1293 2980 novi
1313 2919 1412 2981 limites
1435 2920 1530 3000 cuique

496 3017 611 3102 eecleſsae
633 3018 766 3080 attributi
777 3017 866 3104 sunt,·
888 3039 948 3078 cum
963 3039 1014 3076 uon
1026 3039 1112 3078 omnes
1126 3017 1217 3094 urbes,
1232 3039 1301 3097 quas
1315 3017 1453 3098 quondam
1464 3015 1528 3078 Au-

496 3115 632 3178 tioeheuus
650 3114 871 3200 patriarchatus
886 3113 1057 3196 poffederat,
1077 3111 1219 3197 chrsh'aui
1238 3113 1349 3176 dicimis
1359 3115 1427 3203 sua
1435 3115 1528 3200 fecis-

488 3211 840 3302 sent,novopatriarchae,
854 3211 940 3272 latini
955 3211 1063 3292 quidem
1074 3213 1156 3288 ritus,
1172 3233 1223 3272 non
1239 3234 1327 3274 omnes
1338 3213 1397 3296 iJlae
1412 3212 1532 3274 attribui

491 3324 631 3392 poterant.
647 3311 717 3372 Inde
731 3311 785 3371 irae
800 3309 896 3372 multae
911 3301 1137 3394 diffenfionesque
1152 3324 1220 3370 ortae
1227 3306 1311 3395 suut,
1321 3309 1484 3395 prasertim
1498 3309 1531 3370 de

499 3406 628 3492 Tyrenſss
653 3407 767 3491 eccleſsae
784 3407 936 3491 primatia,
964 3430 1033 3488 quas
1056 3407 1167 3469 tandem
1183 3407 1304 3492 sedauit
1324 3405 1473 3492 Paschalis
1486 3405 1529 3469 ll.

496 3506 551 3569 lllc
568 3506 639 3566 enim
651 3505 783 3592 summus
796 3506 935 3589 pontifex,
957 3505 1001 3566 die
1015 3513 1116 3567 oslava
1134 3503 1230 3590 mensts
1250 3503 1330 3585 iuuij,
1352 3527 1425 3565 anno
1447 3523 1531 3583 1111,

492 3617 598 3686 petente
620 3601 764 3664 Balduino
790 3625 863 3682 rege,
891 3599 1159 3686 Hierosolymitana
1182 3601 1300 3687 ecclcstae
1329 3624 1416 3664 omues
1441 3606 1531 3682 urbes,

496 3723 566 3780 quas
581 3701 703 3783 deinceps
715 3698 771 3786 sui
783 3700 854 3762 iuris
858 3701 995 3783 facerent
1008 3698 1169 3782 Chrssiaui,
1190 3701 1330 3776 attribuit,
1353 3701 1436 3762 etiam
1456 3700 1532 3780 illas,

496 3819 558 3878 quae
569 3799 698 3860 hatteuus
709 3796 997 3882 ebetiocheuifuiffcnt
1005 3797 1231 3881 patriarchatus.
1245 3813 1257 3860 3
1275 3797 1348 3860 Illas
1358 3796 1532 3882 diffeuſsones

535 3947 545 3979 1
562 3931 660 3995 Labbe,
674 3947 718 3994 ιιι,
730 3935 791 3994 642.
1045 3931 1069 3981 in
1092 3931 1177 3983 multis
1200 3933 1346 3994 coneordat,
1366 3950 1381 3983 a
1403 3932 1493 3985 saeculo
1511 3936 1532 3984 V

533 4031 547 4063 2
565 4013 629 4086 ilaec
640 4011 673 4062 est
691 4010 775 4063 saltem
789 4012 871 4063 nostra
889 4011 983 4062 senten·
1045 4011 1076 4061 ad
1090 4011 1141 4062 VII
1156 4011 1269 4080 scriptam
1288 4010 1359 4064 fuisse
1375 4013 1531 4064 censuerunt.

497 4089 538 4142 tia.
551 4090 720 4154 Boliandisiae‚
730 4091 773 4160 qui
783 4091 816 4142 de
829 4091 877 4142 hac
887 4109 913 4142 re
923 4091 983 4142 duc·
1083 4109 1094 4154 3
1106 4093 1146 4143 De
1153 4091 1456 4157 Rozieressarulaireeu
1464 4091 1535 4144 Saiut

497 4170 585 4222 tissime
603 4169 768 4224 disseruerunt
781 4171 848 4238 (Aes.
863 4173 911 4234 SS,
926 4169 983 4237 maij
1046 4170 1165 4239 sepulcre,
1174 4189 1243 4241 ρης,
1253 4190 1276 4224 n.
1289 4173 1386 4240 12,&p.
1398 4177 1452 4237 8,n.
1461 4171 1533 4238 9.Cs.

498 4253 530 4315 11,
551 4267 576 4318 p.
605 4251 678 4318 805),
704 4250 769 4303 hanc
798 4250 923 4314 notitiam,
946 4249 984 4302 vel
1047 4251 1177 4305 Guisseimi
1191 4252 1267 4322 Tyrij
1281 4251 1534 4320 fflst.fflercos⁴olimit.,

497 4329 581 4400 potius
607 4330 739 4399 quoddam
765 4332 900 4399 genuinum
920 4347 983 4399 opus
1045 4345 1085 4394 ιιι,
1097 4345 1119 4381 c.
1136 4347 1178 4395 27,
1198 4332 1222 4383 δι
1241 4347 1300 4397 κιν,
1322 4349 1343 4384 c.
1365 4351 1405 4396 14,
1423 4333 1447 4384 te
1465 4331 1534 4400 Rey,

497 4427 580 4480 graece
602 4410 730 4480 scriptum,
756 4411 824 4480 quod
854 4427 911 4462 cum
933 4410 984 4480 ipsu
1047 4410 1349 4479 Le'guagesd'Outremcr,
1364 4429 1387 4480 p.
1402 4429 1461 4477 709.
