3446 5706
495 535 565 616 37⁰
904 529 1127 584 nuromuus

493 780 571 821 nuce
582 757 635 820 est.
648 756 835 821 Procedente
845 777 920 819 vero
932 753 1033 819 sansta
1046 776 1139 818 cruce
1150 756 1187 817 ad
1195 753 1386 817 adorandum
1392 753 1432 814 de
1438 751 1531 814 cubi-

492 847 564 911 culo
579 845 642 925 suo,
653 846 684 910 dt
697 846 838 909 veniente
847 865 862 895 a
871 847 901 910 in
913 847 999 925 atrio,
1014 845 1065 908 ubi
1077 841 1371 923 adoratur,leadem
1384 843 1462 903 hora
1471 861 1531 922 ap-

492 953 578 1021 paret
593 938 624 1000 in
640 937 709 999 celo
725 935 819 1014 stella,
834 935 864 999 δι
877 935 961 998 venit
975 935 1062 1019 super
1075 933 1180 997 locum
1195 935 1248 997 ubi
1261 955 1338 998 crux
1351 927 1469 994 residet
1485 927 1531 991 Et

491 1026 566 1089 dum
577 1026 721 1089 adoratur
734 1047 821 1105 crux,
835 1023 891 1088 stat
906 1027 993 1108 supra
1011 1045 1079 1087 eam
1092 1023 1189 1102 stella,
1207 1024 1238 1087 δι
1258 1021 1403 1086 afferturr
1419 1019 1529 1082 oleum

490 1118 527 1178 ad
549 1115 794 1179 benedicendum
815 1117 845 1178 in
857 1115 974 1179 duabus
991 1113 1142 1197 ampullis.
1151 1115 1169 1162 d
1179 1113 1268 1177 Hora
1280 1133 1365 1191 vero,
1379 1133 1441 1196 qua
1454 1112 1530 1174 teti·

488 1206 567 1288 gerit
588 1205 705 1290 lignum
725 1205 825 1268 crucis
846 1205 900 1269 has
922 1204 1081 1288 ampullas,
1095 1226 1168 1268 mox
1182 1204 1292 1268 ebullit
1315 1202 1419 1266 oleum
1434 1202 1530 1276 foras,

488 1296 518 1359 bt
532 1293 606 1358 nisu
620 1296 711 1358 citius
725 1294 915 1369 claudantur,
927 1309 1026 1356 totum
1036 1292 1145 1356 ebullit
1154 1295 1241 1358 foras.
1252 1293 1438 1356 Reverteute
1448 1309 1529 1350 vero

489 1382 591 1448 sandla
604 1406 697 1448 cruce
712 1385 743 1447 in
755 1385 859 1448 locum
871 1383 966 1463 suum,
977 1384 1007 1447 dt
1017 1382 1101 1446 stella
1112 1386 1224 1466 pariter
1234 1384 1406 1460 revertitur,
1416 1377 1529 1462 &post

486 1473 633 1538 reclusam
654 1495 777 1537 crucem
793 1473 871 1537 ultra
891 1494 955 1535 non
977 1488 1104 1556 apparet
1117 1471 1209 1536 stella

527 1565 658 1627 Arundo
678 1585 751 1626 vero
766 1563 820 1627 &f
831 1562 966 1646 spongia,
977 1565 1016 1624 de
1033 1562 1143 1646 quibus
1161 1561 1272 1648 legitur
1290 1563 1320 1625 in
1340 1557 1529 1644 Evangelio,

488 1653 529 1716 ibi
545 1653 622 1732 sunt,
636 1674 708 1715 cum
720 1673 780 1736 qua
791 1651 916 1734 spongia
930 1672 1040 1736 aquam
1052 1651 1192 1715 bibimus.
1203 1649 1302 1714 Ibiest
1315 1651 1345 1715 δι
1359 1650 1439 1714 calix
1452 1649 1528 1712 oni-

487 1745 629 1822 chinust
638 1763 731 1827 quem
745 1742 903 1805 benedixit
917 1743 947 1804 in
962 1762 1048 1820 cena,
1062 1741 1092 1804 dt
1107 1740 1165 1804 alie
1180 1740 1277 1804 multe
1289 1741 1427 1804 virtutes

530 1831 576 1896 Ibi
592 1832 635 1896 est
646 1833 739 1895 etiam
753 1832 878 1915 imagor
892 1831 979 1894 beate
995 1830 1097 1894 Mario
1108 1831 1139 1893 in
1151 1830 1294 1914 superiori
1311 1829 1381 1893 loco
1394 1828 1425 1893 δι
1439 1850 1527 1891 aona

485 1920 576 2006 ipsius
590 1923 620 1986 dr
635 1921 845 2005 ligamentum,
859 1943 921 2004 quo
936 1921 1076 1984 utebatur
1090 1921 1120 1983 in
1142 1922 1253 2003 capite,
1273 1919 1303 1983 δι
1324 1919 1364 1982 ibi
1388 1918 1458 1982 sunt
1479 1921 1524 2003 vij

484 2011 627 2073 cathedre
652 2017 839 2074 marmoree?
854 2010 1013 2074 seniorum.
1043 2007 1120 2074 Inde
1140 2009 1328 2074 ascendimus
1357 2009 1387 2070 in
1408 2023 1526 2070 narrem

483 2100 601 2180 David,
628 2101 716 2164 valde
741 2099 918 2184 magnarmi
933 2102 963 2162 in
989 2101 1142 2165 cenaculis
1168 2100 1218 2162 ubi
1241 2098 1420 2162 decantabat
1443 2095 1526 2179 psal-

484 2191 624 2252 terium*
642 2188 716 2277 Que
737 2192 824 2253 turris
839 2189 1113 2274 quadrangulatum
1135 2190 1165 2253 δι
1192 2188 1342 2271 sculptum
1363 2207 1442 2270 opus
1464 2189 1524 2249 ha-

483 2279 545 2359 bet,
559 2302 622 2343 non
637 2279 753 2342 habens
768 2280 892 2343 tedium.
907 2277 943 2342 In
959 2301 1052 2363 quam
1065 2281 1164 2343 eciam
1179 2279 1342 2345 Christiani
1354 2298 1410 2361 pro
1422 2253 1524 2340 devo-

482 2370 573 2432 cione
585 2368 758 2432 ascendunt.
772 2368 864 2434 Circa
875 2371 1010 2432 medium
1022 2390 1094 2432 vero
1102 2369 1202 2433 noetis
1212 2369 1346 2451 spacium
1354 2366 1523 2452 surgentes,

482 2459 610 2521 audiunt
634 2479 726 2522 voces
756 2460 1019 2520 murmurancium
1046 2458 1186 2520 deorsum
1218 2459 1248 2520 in
1281 2458 1361 2521 ualle
1382 2456 1524 2547 Iosophat

483 2564 590 2612 contra
618 2547 777 2627 Iordanem,
804 2549 841 2610 ad
871 2545 940 2609 loca
965 2569 1027 2630 que
1054 2545 1217 2630 respiciunt
1244 2546 1435 2610 Sodomam&
1458 2546 1522 2610 Go-

482 2659 617 2700 morram.
647 2637 771 2700 Deinde
798 2639 938 2701 venimus
963 2639 993 2700 in
1010 2637 1155 2723 boſslicam
1175 2637 1253 2721 Sym,
1273 2637 1325 2700 ubi
1340 2636 1407 2702 sunt
1426 2637 1520 2700 mira-

481 2723 572 2788 bilia!
587 2725 691 2789 multa.
719 2723 803 2790 Inter
826 2749 887 2811 que
911 2727 1043 2792 vidimus
1065 2727 1198 2810 lapidem
1226 2727 1439 2811 angularem·
1460 2730 1518 2812 qui

481 2816 659 2898 reprobatus
684 2815 727 2879 est
751 2816 788 2879 ab
817 2815 1039 2896 edificantibus,
1059 2817 1089 2880 dt
1113 2817 1211 2882 faetus
1231 2816 1275 2880 ess
1295 2817 1326 2881 in
1347 2833 1441 2900 caput
1460 2838 1519 2880 an·

478 2905 575 2988 gulia¹
600 2905 742 2970 Domino
772 2918 874 2967 autem
909 2905 1098 2988 ingrediente
1129 2907 1160 2968 in
1186 2904 1278 2987 ipsam
1316 2901 1481 2986 basilicam,
1505 2925 1518 2954 ⁰

480 3017 541 3078 que
566 2995 624 3058 fuit
644 2997 738 3058 domus
749 2995 848 3084 sanni
868 2993 971 3073 Iocobi,
996 2993 1112 3057 invenit
1136 2994 1269 3077 lapidem
1292 2995 1460 3058 deformem
1484 2996 1516 3058 in

479 3084 583 3146 medio
599 3086 763 3163 iacentem,
778 3083 876 3146 tenuit
890 3105 962 3147 eum
976 3082 1006 3146 δι
1021 3083 1120 3166 posuit
1131 3085 1161 3146 in
1169 3083 1315 3168 angulo?
1326 3083 1432 3172 Quem
1440 3106 1516 3147 cum

480 3173 612 3236 tenueris
627 3172 657 3235 bt
672 3172 881 3238 levaveristin
897 3174 1047 3253 manibus,
1062 3194 1143 3255 pone
1157 3195 1262 3237 aurem
1277 3175 1308 3236 in
1318 3173 1381 3256 ipso
1390 3173 1516 3258 angulo,

478 3259 646 3323 &sonabit
670 3261 701 3323 in
723 3261 846 3324 auribus
869 3262 927 3326 tuis
948 3257 1030 3344 quast
1052 3263 1222 3326 multorum
1242 3263 1403 3326 hominum
1429 3283 1515 3325 mur-

478 3371 623 3413 mutacio.

516 3436 553 3502 ln
568 3437 630 3522 ipsa
646 3457 719 3500 vero
730 3437 858 3502 ecclelia
869 3437 912 3502 est
922 3439 1099 3524 columpna,
1110 3438 1161 3502 ubi
1174 3437 1513 3523 Dominusllagellatus

477 3528 528 3592 est.
554 3527 590 3594 ln
616 3551 677 3614 qua
694 3529 863 3614 columpna
883 3529 944 3594 tale
969 3528 1012 3593 est
1032 3530 1179 3614 signum,r
1192 3544 1226 3592 ut
1240 3529 1313 3593 dum
1338 3548 1425 3593 eam¹
1444 3549 1513 3592 am·

509 3759 533 3794 a.
547 3741 662 3797 veniente
673 3746 698 3797 d.
712 3743 787 3812 iar,
801 3745 871 3798 t.-
888 3747 914 3798 b.
935 3747 961 3799 P.
1025 3761 1089 3798 voce
1101 3745 1509 3816 valdeincemculisfingulis.-

474 3820 652 3875 adorant-c.
667 3824 692 3876 P.
706 3824 818 3880 offertur.
837 3853 870 3866 -
883 3826 911 3878 d.
923 3826 963 3890 V,
1024 3825 1083 3879 l.P.
1099 3825 1226 3880 miracula.
1242 3856 1274 3867 -
1291 3845 1325 3880 m.
1343 3828 1422 3893 7.‚1.
1443 3827 1511 3881 inter

474 3903 493 3954 1.
508 3902 630 3972 ampullas
649 3903 753 3959 medias.
772 3935 804 3945 —
823 3922 845 3958 e.
867 3906 892 3957 Ρ.
910 3905 961 3958 ubi.
1024 3923 1074 3975 que
1086 3906 1156 3975 quod
1169 3905 1260 3977 legitur
1271 3907 1304 3960 de
1325 3905 1409 3977 lapide
1424 3924 1509 3977 angu-

475 4009 507 4020 -··
530 3981 547 4034 f.
572 3983 599 4035 7.
623 3999 682 4035 nam
708 3983 742 4038 ibi
766 3986 800 4038 est
824 4001 912 4038 canna.
928 4015 960 4025 —
1023 3984 1159 4041 lari-n.
1172 3987 1223 4040 st...
1243 3987 1329 4057 angtili
1343 3989 1369 4041 d.
1389 3987 1507 4054 inm

473 4077 499 4130 g.
516 4061 545 4114 V.
559 4061 762 4118 onichilus.—lt.
778 4066 849 4132 7.,1.
861 4064 962 4138 species.
1022 4097 1058 4107 -
1071 4083 1095 4119 o.
1109 4068 1148 4134 V,
1160 4069 1181 4122 1.
1196 4067 1304 4121 ccclesia
1313 4097 1345 4109 -
1359 4085 1383 4140 p.
1397 4068 1504 4123 tenuit...

475 4137 537 4194 -i.
558 4159 700 4197 marmoree
721 4147 747 4198 A.
776 4145 802 4198 in
826 4147 861 4212 1³,
883 4148 962 4199 1.-
1023 4146 1118 4216 angulo
1133 4149 1159 4200 d.
1180 4147 1259 4213 iar,
1273 4149 1299 4200 L.
1319 4176 1352 4189 -
1373 4167 1399 4218 q.
1422 4150 1504 4214 V-,s

470 4219 961 4293 j.valdemagn.d.m7.,1.-k7.,1.
1022 4237 1121 4280 tenes...
1139 4227 1214 4281 levas.
1229 4255 1260 4267 -
1280 4245 1301 4281 r.
1319 4229 1389 4282 ubi...
1408 4228 1505 4298 signum

473 4298 516 4353 ubi
536 4301 681 4356 decantavit
702 4301 843 4373 psalterium
867 4321 961 4376 magna
1023 4307 1047 4358 d.
1065 4305 1091 4360 in
1105 4306 1503 4380 rt,t.-·.r.‚1.qunncum.
