3448 5718
471 553 513 600 xx
878 541 1105 596 PRAEFATIO.

510 758 666 820 Fatendum
680 759 787 842 quidem
792 759 864 842 fere
884 759 986 836 amnia,
1007 780 1070 840 quae
1087 759 1116 819 in
1132 757 1289 822 Breviosio
1311 761 1506 837 inueniuntur,

470 855 489 920 a
507 855 649 942 Theodosto
659 858 733 920 nabis
743 857 852 919 tradita
857 857 960 940 saise,
970 855 1017 938 qui
1029 855 1113 917 etiam
1121 855 1237 946 insuper
1247 859 1333 922 multo
1341 858 1432 939 plura
1443 881 1505 922 um-

467 953 607 1037 plettitur.
622 953 804 1039 Quodſsquis
819 952 1010 1016 Breviarium
1023 976 1084 1015 cum
1100 954 1262 1019 Antonino
1280 954 1419 1038 Martyre
1434 977 1505 1016 coen-

466 1052 632 1135 paraverit,
646 1073 708 1113 mon
719 1052 929 1114 animadvertet
940 1051 1048 1115 nullam
1059 1065 1130 1113 certe
1143 1053 1216 1115 inter
1231 1053 1291 1116 illos
1303 1061 1428 1116 autores
1439 1049 1505 1135 affi-

469 1149 582 1211 nitatem
595 1150 658 1234 effe,
670 1148 861 1212 Breviorium
872 1163 964 1212 autem
972 1149 1085 1211 aliunde
1100 1148 1144 1234 (fi
1155 1173 1227 1213 raro
1240 1151 1270 1212 in
1284 1151 1379 1228 rebus,
1394 1162 1505 1212 atcerte

469 1246 498 1308 in
510 1246 615 1326 verbis)
625 1248 735 1335 sapius
745 1247 874 1326 baustum
884 1244 948 1329 effe.
959 1245 1048 1329 ,Quod
1059 1269 1113 1307 uno
1131 1259 1239 1309 tantum
1252 1247 1371 1332 exemplo
1383 1247 1506 1332 demons-

470 1342 643 1425 trarisacile
654 1344 723 1405 erit:
738 1341 883 1421 Columna,
896 1341 1053 1427 Zioneſsta,
1067 1344 1202 1426 adquam
1213 1344 1341 1429 Christus
1346 1343 1506 1430 flagellan-

469 1441 522 1503 dus
535 1441 637 1523 ligatus
649 1443 696 1524 est,
716 1441 774 1503 iam
789 1441 870 1523 apud
881 1439 1085 1522 Hieronymum
1099 1441 1277 1530 describiutr,
1297 1442 1327 1503 in
1351 1439 1506 1504 Breviorio

471 1551 562 1601 autem
581 1539 615 1601 &
630 1539 710 1622 apud
729 1535 905 1623 Tbeodostum
921 1537 954 1619 (c.
974 1536 1005 1601 V
1002 1537 1022 1600 I
1025 1541 1033 1618 )
1050 1539 1176 1602 additum
1186 1541 1233 1622 esi,
1248 1563 1280 1602 ex
1294 1540 1429 1602 calumme
1443 1561 1506 1601 am-

467 1636 551 1718 plexu
560 1637 678 1717 uesie'gia
692 1634 838 1722 manstffe,·
852 1636 918 1716 quin
933 1635 1015 1698 etiam
1028 1637 1109 1718 apud
1120 1637 1316 1700 Antoninum
1332 1635 1506 1719 Martyrem

470 1733 583 1813 legimus
592 1734 781 1823 insacrorum
791 1733 970 1817 vesie'giorum
981 1733 1115 1823 mensura
1135 1736 1258 1797 curandi
1266 1737 1402 1798 virtutem
1412 1735 1505 1820 ineffe.

469 1831 560 1915 Quod
581 1832 622 1893 ad
640 1831 834 1914 lapidationem
849 1831 880 1919 s.
903 1830 1034 1913 Stephani
1052 1833 1180 1912 pertinet,
1204 1833 1296 1894 maior
1318 1830 1411 1893 adbuc
1433 1833 1506 1894 inter

469 1929 515 1993 hos
523 1928 822 2012 auttoresdifferentia.
836 1929 871 1992 Iu
884 1928 1040 1992 Breviorio
1051 1931 1085 1991 id
1094 1925 1445 2012 apudTheodosium,de
1454 1953 1507 1992 uno

469 2040 580 2092 tantum
595 2026 686 2108 lapide
700 2026 892 2110 mentiosatia
906 2029 952 2108 esi,
963 2027 1051 2114 super
1066 2049 1117 2109 quo
1131 2025 1284 2110 b'tepbanus
1297 2026 1439 2108 lapidatus
1452 2029 1507 2114 effe

469 2126 584 2204 dicitur,
613 2147 674 2186 cum
696 2125 776 2206 apud
796 2124 967 2187 Antoninum
988 2125 1068 2187 multi
1090 2125 1196 2208 lapides
1218 2125 1395 2208 afferantur,
1409 2127 1507 2207 quibus

468 2223 515 2286 ille
529 2223 629 2306 occisus
633 2221 741 2305 fuerit.

509 2321 558 2381 An
570 2317 740 2380 Breviarius
750 2319 784 2379 id
791 2315 988 2381 Theodofius
1000 2342 1164 2382 communem
1166 2319 1278 2403 fontem
1287 2319 1410 2384 habeant
1420 2319 1506 2406 affir-

469 2441 548 2481 mare
558 2417 610 2479 vix
616 2416 775 2500 poffiemus,·
787 2415 923 2500 quidquid
928 2431 1019 2480 autem
1029 2419 1062 2480 id
1069 2419 1116 2498 esi,
1130 2417 1283 2480 derivante
1300 2431 1415 2501 uterque
1416 2419 1506 2508 sepa·

469 2515 564 2592 ratim,
574 2513 655 2575 baud
663 2513 792 2596 procula
803 2515 946 2593 communi,
960 2516 1075 2599 exceptis
1088 2529 1180 2577 tamen
1194 2515 1249 2578 illis
1257 2515 1320 2578 locis
1329 2515 1426 2598 quihus
1438 2517 1505 2578 ordo

468 2613 598 2702 diversus
611 2613 658 2694 est,
672 2625 704 2671 ut
716 2632 744 2671 eo
758 2611 812 2672 loco
826 2611 874 2672 ubi
887 2613 967 2692 apud
977 2609 1193 2674 Theodosmm
1206 2611 1346 2676 dicinerS.
1364 2613 1505 2696 Sepulcri

468 2705 625 2771 ecclesiam
639 2709 675 2770 ab
690 2707 821 2770 occidente
836 2709 878 2770 ad
895 2709 1022 2770 orientem
1037 2709 1154 2799 versam
1167 2710 1230 2796 ese,
1245 2733 1307 2771 cum
1331 2708 1504 2774 Breviorius

458 2805 535 2891 ficut
544 2807 578 2867 ὅ
591 2803 762 2867 Eucherius
773 2829 834 2867 eam
846 2805 883 2867 ab
895 2807 995 2868 oriente
1006 2808 1047 2869 ad
1055 2807 1212 2869 occidentem
1224 2808 1340 2897 uersam
1351 2805 1501 2897 describat.

467 2901 623 2986 Difficilius
651 2903 742 2966 adbuc
773 2903 846 2966 dina
877 2905 917 2987 est
942 2918 1004 2965 uter
1028 2905 1110 2986 prior
1134 2903 1177 2984 stt,
1202 2903 1376 2968 Breviorius
1401 2927 1433 2966 ne
1464 2928 1502 2968 an

467 2996 674 3063 Theodofius.
694 2999 753 3082 Ego
774 2999 1024 3084 quidenusortaffe
1042 3002 1187 3081 immerito,
1202 2999 1395 3064 Breviarium
1410 3000 1499 3064 altero

466 3096 519 3182 ff
530 3097 636 3158 credidi
646 3112 724 3179 opere
736 3096 937 3178 antiquiorem·
951 3110 1056 3160 certum
1067 3098 1174 3180 quidem
1185 3101 1224 3182 est
1237 3112 1386 3182 utrumque
1398 3097 1503 3160 b'brum

468 3206 531 3257 ante
542 3194 660 3256 medium
664 3192 807 3281 soeculum
812 3193 927 3280 sextum
943 3195 1237 3282 conscriptumsuiffe.

508 3351 666 3416 ComcssM
681 3353 791 3414 unicum
798 3348 913 3438 secutus
917 3353 998 3440 sune,
1011 3353 1090 3416 illum
1106 3354 1235 3418 videlicet
1248 3357 1502 3436 membranaceum,

459 3447 531 3537 saec.
548 3449 769 3527 IXexaratum,
784 3449 874 3532 quiin
889 3450 1080 3537 Ambrefiana
1097 3453 1255 3518 bibliotheca
1268 3455 1321 3538 sub
1335 3470 1369 3514 n⁰
1384 3453 1437 3517 M.
1453 3470 1501 3538 79,

466 3547 543 3632 Sup„
564 3545 727 3610 Mediolani
753 3547 933 3631 afferuntur,
953 3571 973 3611 a
999 3548 1112 3613 Ludov.
1134 3551 1291 3615 Betbmeenn
1321 3575 1394 3614 anno
1423 3551 1498 3632 1854

466 3646 633 3708 indicatus.¹

957 3799 1003 3870 Vi

606 3981 847 4049 nunonosms,
864 3984 916 4037 on
931 3983 1026 4037 mnu
1043 3985 1182 4038 nonnos
1196 3987 1363 4041 sancum

508 4148 637 4212 Aunoris
646 4171 739 4210 nomen
754 4169 806 4208 non
817 4150 862 4234 est,
874 4162 906 4209 ut
917 4150 1038 4232 equidem
1046 4151 1252 4240 peiussere'pſs,
1269 4151 1438 4231 Theodorus,
1444 4153 1503 4244 sed

458 4247 614 4337 secundum
628 4246 827 4336 manuscriptos
839 4245 900 4309 illos
913 4246 1021 4325 codices,
1032 4251 1079 4332 qui
1092 4247 1203 4312 Romae
1212 4252 1247 4313 Θ
1258 4249 1391 4334 Louanij
1406 4249 1501 4335 affer·

507 4415 516 4449 ι
532 4397 615 4463 Pecto,
627 4397 739 4464 Archiv,
750 4399 809 4464 XII,
821 4416 846 4468 p.
864 4402 925 4451 611.
