<?xml version="1.0" encoding="UTF-8"?>
<!DOCTYPE html PUBLIC "-//W3C//DTD XHTML 1.0 Transitional//EN"
    "http://www.w3.org/TR/xhtml1/DTD/xhtml1-transitional.dtd">
<html xmlns="http://www.w3.org/1999/xhtml" xml:lang="en" lang="en">
 <head>
  <title>
</title>
<meta http-equiv="Content-Type" content="text/html;charset=utf-8" />
  <meta name='ocr-system' content='tesseract 3.04.00' />
  <meta name='ocr-capabilities' content='ocr_page ocr_carea ocr_par ocr_line ocrx_word'/>
</head>
<body>
  <div class='ocr_page' id='page_1' title='image "./itinerahierosol00berngoog_0598.png"; bbox 0 0 3396 5708; ppageno 0'>
   <div class='ocr_carea' id='block_1_1' title="bbox 658 541 1221 642">
    <p class='ocr_par' dir='ltr' id='par_1_1' title="bbox 658 541 1221 642">
     <span class='ocr_line' id='line_1_1' title="bbox 658 541 1221 642; baseline -0.009 0"><span class='ocrx_word' id='word_1_1' title='bbox 658 542 764 642; x_wconf 81' lang='lat'><em>(394)</em></span> <span class='ocrx_word' id='word_1_2' title='bbox 1179 541 1221 637; x_wconf 85' lang='lat'>83</span> 
     </span>
    </p>
   </div>
   <div class='ocr_carea' id='block_1_2' title="bbox 201 769 1226 1030">
    <p class='ocr_par' dir='ltr' id='par_1_2' title="bbox 201 769 1224 1030">
     <span class='ocr_line' id='line_1_2' title="bbox 201 769 1224 870; baseline -0.003 -34"><span class='ocrx_word' id='word_1_3' title='bbox 201 771 326 856; x_wconf 83' lang='lat' dir='ltr'>epistola</span> <span class='ocrx_word' id='word_1_4' title='bbox 338 772 406 838; x_wconf 82' lang='lat' dir='ltr'>satis</span> <span class='ocrx_word' id='word_1_5' title='bbox 420 773 471 838; x_wconf 86' lang='lat' dir='ltr'>est</span> <span class='ocrx_word' id='word_1_6' title='bbox 486 773 620 864; x_wconf 86' lang='lat' dir='ltr'>Uberius</span> <span class='ocrx_word' id='word_1_7' title='bbox 639 775 668 835; x_wconf 93' lang='lat' dir='ltr'>id</span> <span class='ocrx_word' id='word_1_8' title='bbox 687 774 783 856; x_wconf 89' lang='lat' dir='ltr'>ipsum</span> <span class='ocrx_word' id='word_1_9' title='bbox 798 770 914 856; x_wconf 88' lang='lat' dir='ltr'>possum</span> <span class='ocrx_word' id='word_1_10' title='bbox 930 793 983 855; x_wconf 91' lang='lat' dir='ltr'>per</span> <span class='ocrx_word' id='word_1_11' title='bbox 998 771 1122 834; x_wconf 86' lang='lat' dir='ltr'>fratrem</span> <span class='ocrx_word' id='word_1_12' title='bbox 1138 769 1224 870; x_wconf 81' lang='lat' dir='ltr'>[Pro-</span> 
     </span>
     <span class='ocr_line' id='line_1_3' title="bbox 201 839 1226 946; baseline -0.005 -21"><span class='ocrx_word' id='word_1_13' title='bbox 201 861 359 946; x_wconf 88' lang='lat' dir='ltr'>futurum],</span> <span class='ocrx_word' id='word_1_14' title='bbox 377 883 469 944; x_wconf 89' lang='lat' dir='ltr'>quem</span> <span class='ocrx_word' id='word_1_15' title='bbox 482 839 669 926; x_wconf 88' lang='lat' dir='ltr'>miscendum</span> <span class='ocrx_word' id='word_1_16' title='bbox 684 861 869 924; x_wconf 86' lang='lat' dir='ltr'>&amp;alendum</span> <span class='ocrx_word' id='word_1_17' title='bbox 890 859 1031 924; x_wconf 85' lang='lat' dir='ltr'>dulcibus</span> <span class='ocrx_word' id='word_1_18' title='bbox 1052 876 1144 942; x_wconf 87' lang='lat' dir='ltr'>atque</span> <span class='ocrx_word' id='word_1_19' title='bbox 1165 859 1226 920; x_wconf 89' lang='lat' dir='ltr'>uti·</span> 
     </span>
     <span class='ocr_line' id='line_1_4' title="bbox 201 947 1025 1030; baseline -0.004 -17"><span class='ocrx_word' id='word_1_20' title='bbox 201 949 280 1015; x_wconf 88' lang='lat' dir='ltr'>libus</span> <span class='ocrx_word' id='word_1_21' title='bbox 292 950 591 1014; x_wconf 85' lang='lat' dir='ltr'>sermocinationibus</span> <span class='ocrx_word' id='word_1_22' title='bbox 607 952 665 1014; x_wconf 92' lang='lat' dir='ltr'>tuis</span> <span class='ocrx_word' id='word_1_23' title='bbox 679 947 785 1013; x_wconf 80' lang='lat' dir='ltr'>missile</span> <span class='ocrx_word' id='word_1_24' title='bbox 800 971 849 1012; x_wconf 93' lang='lat' dir='ltr'>me</span> <span class='ocrx_word' id='word_1_25' title='bbox 863 949 1025 1030; x_wconf 83' lang='lat' dir='ltr'>gaudeo.</span> 
     </span>
    </p>
   </div>
   <div class='ocr_carea' id='block_1_3' title="bbox 202 1056 1223 1205">
    <p class='ocr_par' dir='ltr' id='par_1_3' title="bbox 202 1056 1223 1205">
     <span class='ocr_line' id='line_1_5' title="bbox 272 1056 1223 1130; baseline -0.005 -17"><span class='ocrx_word' id='word_1_26' title='bbox 272 1058 308 1129; x_wconf 82' lang='lat' dir='ltr'>[S.</span> <span class='ocrx_word' id='word_1_27' title='bbox 323 1060 487 1130; x_wconf 83' lang='lat' dir='ltr'>Augustinus,</span> <span class='ocrx_word' id='word_1_28' title='bbox 507 1059 608 1129; x_wconf 73' lang='lat' dir='ltr'>Epistola</span> <span class='ocrx_word' id='word_1_29' title='bbox 620 1061 738 1125; x_wconf 82' lang='lat' dir='ltr'><strong>XXVIII,</strong></span> <span class='ocrx_word' id='word_1_30' title='bbox 751 1060 788 1112; x_wconf 73' lang='lat' dir='ltr'>aa</span> <span class='ocrx_word' id='word_1_31' title='bbox 751 1059 822 1128; x_wconf 83' lang='lat' dir='ltr'>as.</span> <span class='ocrx_word' id='word_1_32' title='bbox 838 1057 900 1110; x_wconf 80' lang='lat' dir='ltr'>Hier</span> <span class='ocrx_word' id='word_1_33' title='bbox 885 1075 1007 1128; x_wconf 76' lang='lat' dir='ltr'>renymum</span> <span class='ocrx_word' id='word_1_34' title='bbox 1021 1056 1078 1125; x_wconf 91' lang='lat' dir='ltr'>(Mi</span> <span class='ocrx_word' id='word_1_35' title='bbox 1071 1074 1189 1126; x_wconf 84' lang='lat' dir='ltr'>ragne,</span> <span class='ocrx_word' id='word_1_36' title='bbox 1153 1057 1189 1108; x_wconf 84' lang='lat' dir='ltr'>Pa</span> <span class='ocrx_word' id='word_1_37' title='bbox 1189 1067 1223 1109; x_wconf 85' lang='lat' dir='ltr'>tr.</span> 
     </span>
     <span class='ocr_line' id='line_1_6' title="bbox 202 1138 612 1205; baseline -0.005 -13"><span class='ocrx_word' id='word_1_38' title='bbox 202 1138 256 1204; x_wconf 77' lang='lat' dir='ltr'>sat,</span> <span class='ocrx_word' id='word_1_39' title='bbox 267 1140 391 1204; x_wconf 79' lang='lat' dir='ltr'><strong>XXXIII,</strong></span> <span class='ocrx_word' id='word_1_40' title='bbox 404 1155 441 1192; x_wconf 73' lang='lat' dir='ltr'>cc,</span> <span class='ocrx_word' id='word_1_41' title='bbox 457 1156 514 1204; x_wconf 87' lang='grc' dir='ltr'>ιιι,</span> <span class='ocrx_word' id='word_1_42' title='bbox 531 1139 612 1205; x_wconf 84' lang='lat'>114).]</span> 
     </span>
    </p>
   </div>
   <div class='ocr_carea' id='block_1_4' title="bbox 202 1248 1229 2773">
    <p class='ocr_par' dir='ltr' id='par_1_4' title="bbox 202 1248 1227 1772">
     <span class='ocr_line' id='line_1_7' title="bbox 244 1248 1225 1335; baseline -0.001 -25"><span class='ocrx_word' id='word_1_43' title='bbox 244 1278 256 1310; x_wconf 87' lang='lat'>‹</span> <span class='ocrx_word' id='word_1_44' title='bbox 274 1249 388 1314; x_wconf 90' lang='lat' dir='ltr'>Primas</span> <span class='ocrx_word' id='word_1_45' title='bbox 401 1251 504 1330; x_wconf 88' lang='lat' dir='ltr'>etiam,</span> <span class='ocrx_word' id='word_1_46' title='bbox 518 1271 591 1335; x_wconf 89' lang='lat' dir='ltr'>quas</span> <span class='ocrx_word' id='word_1_47' title='bbox 605 1254 641 1312; x_wconf 92' lang='lat' dir='ltr'>ad</span> <span class='ocrx_word' id='word_1_48' title='bbox 658 1267 687 1313; x_wconf 88' lang='lat' dir='ltr'>te</span> <span class='ocrx_word' id='word_1_49' title='bbox 702 1251 801 1315; x_wconf 91' lang='lat' dir='ltr'>adhuc</span> <span class='ocrx_word' id='word_1_50' title='bbox 813 1248 965 1334; x_wconf 82' lang='lat' dir='ltr'>presbyter</span> <span class='ocrx_word' id='word_1_51' title='bbox 979 1249 1092 1322; x_wconf 89' lang='lat' dir='ltr'>litteras</span> <span class='ocrx_word' id='word_1_52' title='bbox 1107 1269 1225 1332; x_wconf 85' lang='lat' dir='ltr'>praepa-</span> 
     </span>
     <span class='ocr_line' id='line_1_8' title="bbox 203 1335 1227 1424; baseline -0.006 -22"><span class='ocrx_word' id='word_1_53' title='bbox 203 1357 334 1402; x_wconf 81' lang='lat' dir='ltr'>raveram</span> <span class='ocrx_word' id='word_1_54' title='bbox 356 1341 518 1406; x_wconf 89' lang='lat' dir='ltr'>mittendas</span> <span class='ocrx_word' id='word_1_55' title='bbox 533 1362 588 1424; x_wconf 89' lang='lat' dir='ltr'>per</span> <span class='ocrx_word' id='word_1_56' title='bbox 601 1339 765 1424; x_wconf 86' lang='lat' dir='ltr'>quemdam</span> <span class='ocrx_word' id='word_1_57' title='bbox 785 1339 906 1402; x_wconf 88' lang='lat' dir='ltr'>fratrem</span> <span class='ocrx_word' id='word_1_58' title='bbox 928 1337 1065 1400; x_wconf 90' lang='lat' dir='ltr'>nostrum</span> <span class='ocrx_word' id='word_1_59' title='bbox 1086 1335 1227 1400; x_wconf 88' lang='lat' dir='ltr'>Profutu-</span> 
     </span>
     <span class='ocr_line' id='line_1_9' title="bbox 202 1424 1227 1512; baseline -0.005 -21"><span class='ocrx_word' id='word_1_60' title='bbox 202 1449 279 1508; x_wconf 89' lang='lat' dir='ltr'>rum,</span> <span class='ocrx_word' id='word_1_61' title='bbox 292 1429 344 1512; x_wconf 93' lang='lat' dir='ltr'>qui</span> <span class='ocrx_word' id='word_1_62' title='bbox 361 1430 462 1511; x_wconf 88' lang='lat' dir='ltr'>postea</span> <span class='ocrx_word' id='word_1_63' title='bbox 478 1429 597 1512; x_wconf 84' lang='lat' dir='ltr'>collega</span> <span class='ocrx_word' id='word_1_64' title='bbox 609 1429 698 1493; x_wconf 89' lang='lat' dir='ltr'>nobis</span> <span class='ocrx_word' id='word_1_65' title='bbox 713 1429 819 1507; x_wconf 70' lang='lat' dir='ltr'>fabius,</span> <span class='ocrx_word' id='word_1_66' title='bbox 841 1429 902 1490; x_wconf 89' lang='lat' dir='ltr'>iam</span> <span class='ocrx_word' id='word_1_67' title='bbox 916 1449 953 1490; x_wconf 85' lang='lat' dir='ltr'>ex</span> <span class='ocrx_word' id='word_1_68' title='bbox 968 1429 1024 1489; x_wconf 88' lang='lat' dir='ltr'>hac</span> <span class='ocrx_word' id='word_1_69' title='bbox 1039 1427 1103 1488; x_wconf 91' lang='lat' dir='ltr'>vita</span> <span class='ocrx_word' id='word_1_70' title='bbox 1117 1424 1227 1508; x_wconf 90' lang='lat' dir='ltr'>migra-</span> 
     </span>
     <span class='ocr_line' id='line_1_10' title="bbox 203 1515 1227 1600; baseline -0.003 -23"><span class='ocrx_word' id='word_1_71' title='bbox 203 1517 256 1596; x_wconf 83' lang='lat' dir='ltr'>vit,</span> <span class='ocrx_word' id='word_1_72' title='bbox 278 1539 335 1580; x_wconf 92' lang='lat' dir='ltr'>nec</span> <span class='ocrx_word' id='word_1_73' title='bbox 360 1539 410 1582; x_wconf 88' lang='lat' dir='ltr'>eas</span> <span class='ocrx_word' id='word_1_74' title='bbox 432 1536 507 1584; x_wconf 91' lang='lat' dir='ltr'>tunc</span> <span class='ocrx_word' id='word_1_75' title='bbox 531 1517 590 1600; x_wconf 89' lang='lat' dir='ltr'>ipse</span> <span class='ocrx_word' id='word_1_76' title='bbox 611 1518 743 1600; x_wconf 90' lang='lat' dir='ltr'>perferre</span> <span class='ocrx_word' id='word_1_77' title='bbox 759 1517 869 1600; x_wconf 88' lang='lat' dir='ltr'>potuit,</span> <span class='ocrx_word' id='word_1_78' title='bbox 893 1517 964 1599; x_wconf 88' lang='lat' dir='ltr'>quia</span> <span class='ocrx_word' id='word_1_79' title='bbox 990 1515 1139 1577; x_wconf 90' lang='lat' dir='ltr'>continuo</span> <span class='ocrx_word' id='word_1_80' title='bbox 1154 1517 1227 1576; x_wconf 89' lang='lat' dir='ltr'>dum</span> 
     </span>
     <span class='ocr_line' id='line_1_11' title="bbox 203 1601 1227 1688; baseline -0.002 -22"><span class='ocrx_word' id='word_1_81' title='bbox 203 1604 346 1688; x_wconf 86' lang='lat' dir='ltr'>proficisci</span> <span class='ocrx_word' id='word_1_82' title='bbox 362 1605 500 1688; x_wconf 83' lang='lat' dir='ltr'>disponit,</span> <span class='ocrx_word' id='word_1_83' title='bbox 514 1606 703 1688; x_wconf 84' lang='lat' dir='ltr'>episcopatus</span> <span class='ocrx_word' id='word_1_84' title='bbox 717 1604 830 1667; x_wconf 89' lang='lat' dir='ltr'>sarcina</span> <span class='ocrx_word' id='word_1_85' title='bbox 844 1606 994 1681; x_wconf 89' lang='lat' dir='ltr'>detentus,</span> <span class='ocrx_word' id='word_1_86' title='bbox 1017 1624 1053 1664; x_wconf 90' lang='lat' dir='ltr'>ac</span> <span class='ocrx_word' id='word_1_87' title='bbox 1072 1601 1182 1664; x_wconf 89' lang='lat' dir='ltr'>deinde</span> <span class='ocrx_word' id='word_1_88' title='bbox 1197 1601 1227 1664; x_wconf 89' lang='lat' dir='ltr'>in</span> 
     </span>
     <span class='ocr_line' id='line_1_12' title="bbox 203 1691 1002 1772; baseline -0.008 -16"><span class='ocrx_word' id='word_1_89' title='bbox 203 1694 285 1756; x_wconf 88' lang='lat' dir='ltr'>brevi</span> <span class='ocrx_word' id='word_1_90' title='bbox 299 1693 460 1756; x_wconf 72' lang='lat' dir='ltr'>defunelus</span> <span class='ocrx_word' id='word_1_91' title='bbox 474 1693 526 1772; x_wconf 84' lang='lat' dir='ltr'>est,</span> <span class='ocrx_word' id='word_1_92' title='bbox 540 1693 631 1756; x_wconf 88' lang='lat' dir='ltr'>etiam</span> <span class='ocrx_word' id='word_1_93' title='bbox 644 1715 727 1756; x_wconf 92' lang='lat' dir='ltr'>nunc</span> <span class='ocrx_word' id='word_1_94' title='bbox 741 1693 860 1756; x_wconf 91' lang='lat' dir='ltr'>mittere</span> <span class='ocrx_word' id='word_1_95' title='bbox 875 1691 968 1754; x_wconf 90' lang='lat' dir='ltr'>volui.</span> <span class='ocrx_word' id='word_1_96' title='bbox 989 1717 1002 1749; x_wconf 70' lang='grc' dir='ltr'>ι</span> 
     </span>
    </p>

    <p class='ocr_par' dir='ltr' id='par_1_5' title="bbox 202 1798 1225 1951">
     <span class='ocr_line' id='line_1_13' title="bbox 273 1798 1225 1871; baseline -0.004 -17"><span class='ocrx_word' id='word_1_97' title='bbox 273 1804 306 1869; x_wconf 87' lang='lat' dir='ltr'>[S.</span> <span class='ocrx_word' id='word_1_98' title='bbox 322 1801 488 1871; x_wconf 81' lang='lat' dir='ltr'>Augustinus,</span> <span class='ocrx_word' id='word_1_99' title='bbox 507 1800 609 1870; x_wconf 71' lang='lat' dir='ltr'>Epistola</span> <span class='ocrx_word' id='word_1_100' title='bbox 621 1803 715 1866; x_wconf 86' lang='lat' dir='ltr'><strong>LXXI,</strong></span> <span class='ocrx_word' id='word_1_101' title='bbox 731 1802 769 1852; x_wconf 80' lang='lat' dir='ltr'>ad</span> <span class='ocrx_word' id='word_1_102' title='bbox 786 1804 808 1850; x_wconf 84' lang='lat' dir='ltr'>S.</span> <span class='ocrx_word' id='word_1_103' title='bbox 825 1799 994 1868; x_wconf 78' lang='lat' dir='ltr'>llirrorrymunr</span> <span class='ocrx_word' id='word_1_104' title='bbox 1011 1798 1134 1867; x_wconf 65' lang='lat' dir='ltr'>(Miglis,</span> <span class='ocrx_word' id='word_1_105' title='bbox 1157 1800 1225 1851; x_wconf 81' lang='lat' dir='ltr'>Patr.</span> 
     </span>
     <span class='ocr_line' id='line_1_14' title="bbox 202 1882 523 1951; baseline -0.009 -17"><span class='ocrx_word' id='word_1_106' title='bbox 202 1882 255 1949; x_wconf 77' lang='lat' dir='ltr'>las,</span> <span class='ocrx_word' id='word_1_107' title='bbox 266 1883 390 1948; x_wconf 84' lang='lat' dir='ltr'><strong>XXXIII,</strong></span> <span class='ocrx_word' id='word_1_108' title='bbox 401 1898 424 1935; x_wconf 91' lang='lat' dir='ltr'>c.</span> <span class='ocrx_word' id='word_1_109' title='bbox 440 1883 523 1951; x_wconf 81' lang='lat'>241).]</span> 
     </span>
    </p>

    <p class='ocr_par' dir='ltr' id='par_1_6' title="bbox 202 1981 1229 2599">
     <span class='ocr_line' id='line_1_15' title="bbox 246 1981 1227 2066; baseline 0 -22"><span class='ocrx_word' id='word_1_110' title='bbox 246 1984 406 2049; x_wconf 83' lang='lat' dir='ltr'>‹Crebras</span> <span class='ocrx_word' id='word_1_111' title='bbox 424 1985 460 2047; x_wconf 86' lang='lat' dir='ltr'>ad</span> <span class='ocrx_word' id='word_1_112' title='bbox 477 2005 527 2046; x_wconf 88' lang='lat' dir='ltr'>me</span> <span class='ocrx_word' id='word_1_113' title='bbox 547 1983 686 2062; x_wconf 82' lang='lat' dir='ltr'>epistolas</span> <span class='ocrx_word' id='word_1_114' title='bbox 701 1981 815 2066; x_wconf 86' lang='lat' dir='ltr'>dirigis,</span> <span class='ocrx_word' id='word_1_115' title='bbox 839 1982 958 2064; x_wconf 79' lang='lat' dir='ltr'>&amp;saepe</span> <span class='ocrx_word' id='word_1_116' title='bbox 982 1982 1143 2065; x_wconf 90' lang='lat' dir='ltr'>compellis</span> <span class='ocrx_word' id='word_1_117' title='bbox 1162 1983 1227 2044; x_wconf 91' lang='lat' dir='ltr'>cui-</span> 
     </span>
     <span class='ocr_line' id='line_1_16' title="bbox 203 2070 1228 2156; baseline -0.004 -20"><span class='ocrx_word' id='word_1_118' title='bbox 203 2075 274 2136; x_wconf 89' lang='lat' dir='ltr'>dam</span> <span class='ocrx_word' id='word_1_119' title='bbox 287 2070 421 2156; x_wconf 80' lang='lat' dir='ltr'>epistolae</span> <span class='ocrx_word' id='word_1_120' title='bbox 436 2086 504 2150; x_wconf 76' lang='lat' dir='ltr'>tuae,</span> <span class='ocrx_word' id='word_1_121' title='bbox 529 2117 1228 2135; x_wconf 88' lang='grc'><strong>...............</strong></span> 
     </span>
     <span class='ocr_line' id='line_1_17' title="bbox 202 2159 1228 2243; baseline -0.001 -22"><span class='ocrx_word' id='word_1_122' title='bbox 202 2161 442 2243; x_wconf 87' lang='lat' dir='ltr'>quamprimum</span> <span class='ocrx_word' id='word_1_123' title='bbox 463 2183 517 2243; x_wconf 92' lang='lat' dir='ltr'>per</span> <span class='ocrx_word' id='word_1_124' title='bbox 532 2162 652 2224; x_wconf 87' lang='lat' dir='ltr'>fratrem</span> <span class='ocrx_word' id='word_1_125' title='bbox 673 2159 880 2238; x_wconf 87' lang='lat' dir='ltr'>Profutumm,</span> <span class='ocrx_word' id='word_1_126' title='bbox 906 2159 1037 2223; x_wconf 87' lang='lat' dir='ltr'>secundo</span> <span class='ocrx_word' id='word_1_127' title='bbox 1055 2179 1106 2242; x_wconf 88' lang='lat' dir='ltr'>per</span> <span class='ocrx_word' id='word_1_128' title='bbox 1120 2180 1228 2243; x_wconf 89' lang='lat' dir='ltr'>quem·</span> 
     </span>
     <span class='ocr_line' id='line_1_18' title="bbox 202 2245 1228 2333; baseline 0.001 -24"><span class='ocrx_word' id='word_1_129' title='bbox 202 2249 273 2309; x_wconf 84' lang='lat' dir='ltr'>dam</span> <span class='ocrx_word' id='word_1_130' title='bbox 287 2248 381 2312; x_wconf 89' lang='lat' dir='ltr'>alium</span> <span class='ocrx_word' id='word_1_131' title='bbox 395 2268 424 2312; x_wconf 91' lang='lat' dir='ltr'>te</span> <span class='ocrx_word' id='word_1_132' title='bbox 435 2247 542 2312; x_wconf 84' lang='lat' dir='ltr'>misisse</span> <span class='ocrx_word' id='word_1_133' title='bbox 556 2245 718 2333; x_wconf 72' lang='lat' dir='ltr'>significas,</span> <span class='ocrx_word' id='word_1_134' title='bbox 733 2247 895 2311; x_wconf 84' lang='lat' dir='ltr'>&amp;interim</span> <span class='ocrx_word' id='word_1_135' title='bbox 906 2246 1104 2311; x_wconf 90' lang='lat' dir='ltr'>Profuturum</span> <span class='ocrx_word' id='word_1_136' title='bbox 1115 2263 1228 2310; x_wconf 85' lang='lat' dir='ltr'>retrac-</span> 
     </span>
     <span class='ocr_line' id='line_1_19' title="bbox 203 2335 1229 2421; baseline 0.001 -23"><span class='ocrx_word' id='word_1_137' title='bbox 203 2351 269 2398; x_wconf 90' lang='lat' dir='ltr'>tum</span> <span class='ocrx_word' id='word_1_138' title='bbox 282 2340 321 2400; x_wconf 89' lang='lat' dir='ltr'>de</span> <span class='ocrx_word' id='word_1_139' title='bbox 341 2339 447 2402; x_wconf 91' lang='lat' dir='ltr'>itinere</span> <span class='ocrx_word' id='word_1_140' title='bbox 461 2338 491 2402; x_wconf 68' lang='grc' dir='ltr'><strong><em>ἃ</em></strong></span> <span class='ocrx_word' id='word_1_141' title='bbox 505 2339 682 2421; x_wconf 89' lang='lat' dir='ltr'>episcopum</span> <span class='ocrx_word' id='word_1_142' title='bbox 703 2336 900 2400; x_wconf 89' lang='lat' dir='ltr'>constitutum</span> <span class='ocrx_word' id='word_1_143' title='bbox 921 2337 1020 2400; x_wconf 88' lang='lat' dir='ltr'>veloci</span> <span class='ocrx_word' id='word_1_144' title='bbox 1043 2351 1143 2400; x_wconf 89' lang='lat' dir='ltr'>morte</span> <span class='ocrx_word' id='word_1_145' title='bbox 1163 2335 1229 2399; x_wconf 91' lang='lat' dir='ltr'>sub-</span> 
     </span>
     <span class='ocr_line' id='line_1_20' title="bbox 204 2424 1229 2507; baseline 0.003 -20"><span class='ocrx_word' id='word_1_146' title='bbox 204 2424 344 2488; x_wconf 71' lang='lat' dir='ltr'>metum:</span> <span class='ocrx_word' id='word_1_147' title='bbox 356 2426 443 2492; x_wconf 90' lang='lat' dir='ltr'>illum</span> <span class='ocrx_word' id='word_1_148' title='bbox 454 2430 540 2494; x_wconf 91' lang='lat' dir='ltr'>cuius</span> <span class='ocrx_word' id='word_1_149' title='bbox 551 2451 664 2494; x_wconf 90' lang='lat' dir='ltr'>nomen</span> <span class='ocrx_word' id='word_1_150' title='bbox 676 2429 794 2507; x_wconf 86' lang='lat' dir='ltr'>retices,</span> <span class='ocrx_word' id='word_1_151' title='bbox 805 2428 894 2492; x_wconf 89' lang='lat' dir='ltr'>maris</span> <span class='ocrx_word' id='word_1_152' title='bbox 907 2427 1036 2491; x_wconf 88' lang='lat' dir='ltr'>timuille</span> <span class='ocrx_word' id='word_1_153' title='bbox 1046 2428 1229 2505; x_wconf 82' lang='lat' dir='ltr'>discrimina,</span> 
     </span>
     <span class='ocr_line' id='line_1_21' title="bbox 203 2509 802 2599; baseline 0 -25"><span class='ocrx_word' id='word_1_154' title='bbox 203 2509 448 2599; x_wconf 83' lang='lat' dir='ltr'>&amp;navigationis</span> <span class='ocrx_word' id='word_1_155' title='bbox 462 2515 586 2581; x_wconf 77' lang='lat' dir='ltr'>mutasse</span> <span class='ocrx_word' id='word_1_156' title='bbox 601 2513 772 2581; x_wconf 82' lang='lat' dir='ltr'>consilium.</span> <span class='ocrx_word' id='word_1_157' title='bbox 790 2541 802 2573; x_wconf 74' lang='grc' dir='ltr'>ι</span> 
     </span>
    </p>

    <p class='ocr_par' dir='ltr' id='par_1_7' title="bbox 205 2621 1227 2773">
     <span class='ocr_line' id='line_1_22' title="bbox 274 2621 1227 2698; baseline -0.005 -18"><span class='ocrx_word' id='word_1_158' title='bbox 274 2621 311 2692; x_wconf 79' lang='lat' dir='ltr'>[S.</span> <span class='ocrx_word' id='word_1_159' title='bbox 326 2623 505 2698; x_wconf 79' lang='lat' dir='ltr'>Hieronymus,</span> <span class='ocrx_word' id='word_1_160' title='bbox 526 2625 627 2696; x_wconf 70' lang='lat' dir='ltr'>apastota</span> <span class='ocrx_word' id='word_1_161' title='bbox 639 2628 697 2691; x_wconf 85' lang='lat' dir='ltr'>CV,</span> <span class='ocrx_word' id='word_1_162' title='bbox 707 2627 774 2691; x_wconf 84' lang='lat' dir='ltr'>ads.</span> <span class='ocrx_word' id='word_1_163' title='bbox 789 2625 945 2694; x_wconf 61' lang='lat' dir='ltr'>Augustiana</span> <span class='ocrx_word' id='word_1_164' title='bbox 959 2624 1073 2694; x_wconf 87' lang='lat' dir='ltr'>(Migne,</span> <span class='ocrx_word' id='word_1_165' title='bbox 1089 2627 1156 2676; x_wconf 82' lang='lat' dir='ltr'>Patr.</span> <span class='ocrx_word' id='word_1_166' title='bbox 1170 2621 1227 2688; x_wconf 75' lang='lat' dir='ltr'>lat,</span> 
     </span>
     <span class='ocr_line' id='line_1_23' title="bbox 205 2703 421 2773; baseline 0.019 -4"><span class='ocrx_word' id='word_1_167' title='bbox 205 2703 289 2769; x_wconf 86' lang='lat' dir='ltr'>xxn,</span> <span class='ocrx_word' id='word_1_168' title='bbox 303 2722 324 2757; x_wconf 66' lang='lat' dir='ltr'>s</span> <span class='ocrx_word' id='word_1_169' title='bbox 339 2706 421 2773; x_wconf 81' lang='lat'><strong>834)·]</strong></span> 
     </span>
    </p>
   </div>
   <div class='ocr_carea' id='block_1_5' title="bbox 121 2823 1099 2936">
    <p class='ocr_par' dir='ltr' id='par_1_8' title="bbox 121 2823 1099 2936">
     <span class='ocr_line' id='line_1_24' title="bbox 121 2823 1099 2936; baseline 0.002 -41"><span class='ocrx_word' id='word_1_170' title='bbox 121 2856 192 2936; x_wconf 86' lang='lat'>394</span> <span class='ocrx_word' id='word_1_171' title='bbox 205 2824 234 2896; x_wconf 86' lang='lat' dir='ltr'>S.</span> <span class='ocrx_word' id='word_1_172' title='bbox 253 2823 488 2914; x_wconf 78' lang='lat' dir='ltr'>EPIPHANIUS,</span> <span class='ocrx_word' id='word_1_173' title='bbox 508 2829 664 2924; x_wconf 81' lang='lat' dir='ltr'>episcopus</span> <span class='ocrx_word' id='word_1_174' title='bbox 679 2830 703 2896; x_wconf 86' lang='lat' dir='ltr'><em>S</em></span> <span class='ocrx_word' id='word_1_175' title='bbox 704 2828 849 2897; x_wconf 75' lang='lat' dir='ltr'>clamidis</span> <span class='ocrx_word' id='word_1_176' title='bbox 866 2831 897 2896; x_wconf 87' lang='lat' dir='ltr'>in</span> <span class='ocrx_word' id='word_1_177' title='bbox 916 2828 1026 2919; x_wconf 82' lang='lat' dir='ltr'>Cypro.</span> <span class='ocrx_word' id='word_1_178' title='bbox 1037 2835 1099 2906; x_wconf 84' lang='lat'><em>(89)</em></span> 
     </span>
    </p>
   </div>
   <div class='ocr_carea' id='block_1_6' title="bbox 205 2942 1232 3986">
    <p class='ocr_par' dir='ltr' id='par_1_9' title="bbox 205 2942 1231 3986">
     <span class='ocr_line' id='line_1_25' title="bbox 246 2942 1230 3028; baseline 0.001 -23"><span class='ocrx_word' id='word_1_179' title='bbox 246 2971 259 3004; x_wconf 84' lang='grc' dir='ltr'>ι</span> <span class='ocrx_word' id='word_1_180' title='bbox 277 2945 347 3008; x_wconf 92' lang='lat' dir='ltr'>Nos</span> <span class='ocrx_word' id='word_1_181' title='bbox 364 2946 416 3008; x_wconf 89' lang='lat' dir='ltr'>hic</span> <span class='ocrx_word' id='word_1_182' title='bbox 435 2965 565 3026; x_wconf 87' lang='lat' dir='ltr'>eramus,</span> <span class='ocrx_word' id='word_1_183' title='bbox 582 2945 695 3010; x_wconf 73' lang='lat' dir='ltr'>cundia</span> <span class='ocrx_word' id='word_1_184' title='bbox 712 2945 864 3024; x_wconf 85' lang='lat' dir='ltr'>novimus,</span> <span class='ocrx_word' id='word_1_185' title='bbox 884 2945 1007 3028; x_wconf 89' lang='lat' dir='ltr'>quando</span> <span class='ocrx_word' id='word_1_186' title='bbox 1026 2959 1133 3008; x_wconf 86' lang='lat' dir='ltr'>contra</span> <span class='ocrx_word' id='word_1_187' title='bbox 1153 2942 1230 3009; x_wconf 92' lang='lat' dir='ltr'>Ori-</span> 
     </span>
     <span class='ocr_line' id='line_1_26' title="bbox 205 3032 1230 3117; baseline -0.004 -21"><span class='ocrx_word' id='word_1_188' title='bbox 205 3053 315 3116; x_wconf 87' lang='lat' dir='ltr'>genem</span> <span class='ocrx_word' id='word_1_189' title='bbox 333 3034 365 3097; x_wconf 93' lang='lat' dir='ltr'>in</span> <span class='ocrx_word' id='word_1_190' title='bbox 378 3033 504 3098; x_wconf 80' lang='lat' dir='ltr'>ecclesia</span> <span class='ocrx_word' id='word_1_191' title='bbox 524 3049 575 3098; x_wconf 88' lang='lat' dir='ltr'>tua</span> <span class='ocrx_word' id='word_1_192' title='bbox 588 3055 666 3117; x_wconf 86' lang='lat' dir='ltr'>papa</span> <span class='ocrx_word' id='word_1_193' title='bbox 685 3032 877 3116; x_wconf 81' lang='lat' dir='ltr'>Epiphanius</span> <span class='ocrx_word' id='word_1_194' title='bbox 896 3033 1087 3116; x_wconf 84' lang='lat' dir='ltr'>loquebatur,</span> <span class='ocrx_word' id='word_1_195' title='bbox 1108 3033 1230 3116; x_wconf 87' lang='lat' dir='ltr'>quando</span> 
     </span>
     <span class='ocr_line' id='line_1_27' title="bbox 206 3121 1230 3206; baseline 0 -22"><span class='ocrx_word' id='word_1_196' title='bbox 206 3123 257 3184; x_wconf 90' lang='lat' dir='ltr'>sub</span> <span class='ocrx_word' id='word_1_197' title='bbox 271 3122 352 3186; x_wconf 89' lang='lat' dir='ltr'>illius</span> <span class='ocrx_word' id='word_1_198' title='bbox 372 3125 497 3186; x_wconf 89' lang='lat' dir='ltr'>nomine</span> <span class='ocrx_word' id='word_1_199' title='bbox 516 3125 547 3186; x_wconf 94' lang='lat' dir='ltr'>in</span> <span class='ocrx_word' id='word_1_200' title='bbox 562 3145 617 3186; x_wconf 90' lang='lat' dir='ltr'>vos</span> <span class='ocrx_word' id='word_1_201' title='bbox 632 3121 729 3185; x_wconf 88' lang='lat' dir='ltr'>iacula</span> <span class='ocrx_word' id='word_1_202' title='bbox 743 3123 970 3206; x_wconf 86' lang='lat' dir='ltr'>torquebantur.</span> <span class='ocrx_word' id='word_1_203' title='bbox 991 3122 1044 3184; x_wconf 91' lang='lat' dir='ltr'>Tu</span> <span class='ocrx_word' id='word_1_204' title='bbox 1068 3122 1097 3183; x_wconf 80' lang='lat' dir='ltr'>dr</span> <span class='ocrx_word' id='word_1_205' title='bbox 1119 3121 1230 3184; x_wconf 90' lang='lat' dir='ltr'>chorus</span> 
     </span>
     <span class='ocr_line' id='line_1_28' title="bbox 206 3208 1230 3295; baseline -0.004 -21"><span class='ocrx_word' id='word_1_206' title='bbox 206 3228 283 3287; x_wconf 89' lang='lat' dir='ltr'>tuus,</span> <span class='ocrx_word' id='word_1_207' title='bbox 307 3212 417 3274; x_wconf 90' lang='lat' dir='ltr'>canino</span> <span class='ocrx_word' id='word_1_208' title='bbox 438 3211 524 3289; x_wconf 72' lang='lat' dir='ltr'>risiu,</span> <span class='ocrx_word' id='word_1_209' title='bbox 539 3210 717 3295; x_wconf 89' lang='lat' dir='ltr'>naribusque</span> <span class='ocrx_word' id='word_1_210' title='bbox 731 3211 905 3287; x_wconf 71' lang='lat' dir='ltr'>contraslis,</span> <span class='ocrx_word' id='word_1_211' title='bbox 930 3208 1095 3293; x_wconf 86' lang='lat' dir='ltr'>scalpentes</span> <span class='ocrx_word' id='word_1_212' title='bbox 1120 3210 1230 3292; x_wconf 86' lang='lat' dir='ltr'>capita,</span> 
     </span>
     <span class='ocr_line' id='line_1_29' title="bbox 206 3298 1230 3383; baseline -0.004 -20"><span class='ocrx_word' id='word_1_213' title='bbox 206 3299 333 3363; x_wconf 87' lang='lat' dir='ltr'>delirum</span> <span class='ocrx_word' id='word_1_214' title='bbox 344 3299 443 3363; x_wconf 88' lang='lat' dir='ltr'>senem</span> <span class='ocrx_word' id='word_1_215' title='bbox 454 3299 806 3383; x_wconf 24' lang='lat' dir='ltr'>nutibuslloquebamini.</span> <span class='ocrx_word' id='word_1_216' title='bbox 818 3300 933 3362; x_wconf 89' lang='lat' dir='ltr'>Nonne</span> <span class='ocrx_word' id='word_1_217' title='bbox 947 3314 1016 3362; x_wconf 87' lang='lat' dir='ltr'>ante</span> <span class='ocrx_word' id='word_1_218' title='bbox 1027 3298 1230 3380; x_wconf 87' lang='lat' dir='ltr'>Sepulchrum</span> 
     </span>
     <span class='ocr_line' id='line_1_30' title="bbox 206 3385 1230 3471; baseline -0.002 -19"><span class='ocrx_word' id='word_1_219' title='bbox 206 3385 348 3468; x_wconf 90' lang='lat' dir='ltr'>Domini,</span> <span class='ocrx_word' id='word_1_220' title='bbox 371 3385 459 3451; x_wconf 82' lang='lat' dir='ltr'>millo</span> <span class='ocrx_word' id='word_1_221' title='bbox 481 3389 695 3452; x_wconf 90' lang='lat' dir='ltr'>archidiacono</span> <span class='ocrx_word' id='word_1_222' title='bbox 695 3386 901 3471; x_wconf 47' lang='lat' dir='ltr'>pffaecepisti,</span> <span class='ocrx_word' id='word_1_223' title='bbox 927 3404 959 3449; x_wconf 94' lang='lat' dir='ltr'>ut</span> <span class='ocrx_word' id='word_1_224' title='bbox 979 3386 1051 3450; x_wconf 86' lang='lat' dir='ltr'>talia</span> <span class='ocrx_word' id='word_1_225' title='bbox 1075 3386 1230 3470; x_wconf 83' lang='lat' dir='ltr'>disputans</span> 
     </span>
     <span class='ocr_line' id='line_1_31' title="bbox 205 3472 1228 3558; baseline -0.003 -17"><span class='ocrx_word' id='word_1_226' title='bbox 205 3476 440 3541; x_wconf 89' lang='lat' dir='ltr'>contisceret...</span> <span class='ocrx_word' id='word_1_227' title='bbox 453 3477 477 3540; x_wconf 86' lang='lat'>.?</span> <span class='ocrx_word' id='word_1_228' title='bbox 493 3478 609 3541; x_wconf 92' lang='lat' dir='ltr'>Nonne</span> <span class='ocrx_word' id='word_1_229' title='bbox 623 3499 696 3539; x_wconf 90' lang='lat' dir='ltr'>cum</span> <span class='ocrx_word' id='word_1_230' title='bbox 710 3479 748 3539; x_wconf 90' lang='lat' dir='ltr'>de</span> <span class='ocrx_word' id='word_1_231' title='bbox 763 3472 896 3538; x_wconf 88' lang='lat' dir='ltr'>Anastafi</span> <span class='ocrx_word' id='word_1_232' title='bbox 912 3476 1077 3558; x_wconf 88' lang='lat' dir='ltr'>pergeretis</span> <span class='ocrx_word' id='word_1_233' title='bbox 1092 3476 1129 3537; x_wconf 88' lang='lat' dir='ltr'>ad</span> <span class='ocrx_word' id='word_1_234' title='bbox 1145 3475 1228 3539; x_wconf 87' lang='lat' dir='ltr'>Cru-</span> 
     </span>
     <span class='ocr_line' id='line_1_32' title="bbox 207 3562 1230 3646; baseline -0.003 -18"><span class='ocrx_word' id='word_1_235' title='bbox 207 3587 284 3646; x_wconf 90' lang='lat' dir='ltr'>cem,</span> <span class='ocrx_word' id='word_1_236' title='bbox 304 3564 334 3627; x_wconf 72' lang='grc' dir='ltr'>δι</span> <span class='ocrx_word' id='word_1_237' title='bbox 348 3567 385 3628; x_wconf 90' lang='lat' dir='ltr'>ad</span> <span class='ocrx_word' id='word_1_238' title='bbox 399 3585 471 3629; x_wconf 89' lang='lat' dir='ltr'>eum</span> <span class='ocrx_word' id='word_1_239' title='bbox 485 3567 585 3629; x_wconf 89' lang='lat' dir='ltr'>omnis</span> <span class='ocrx_word' id='word_1_240' title='bbox 598 3568 695 3629; x_wconf 85' lang='lat' dir='ltr'>aetatis</span> <span class='ocrx_word' id='word_1_241' title='bbox 709 3565 738 3628; x_wconf 77' lang='lat' dir='ltr'>bu</span> <span class='ocrx_word' id='word_1_242' title='bbox 753 3565 836 3626; x_wconf 87' lang='lat' dir='ltr'>sexus</span> <span class='ocrx_word' id='word_1_243' title='bbox 851 3565 938 3627; x_wconf 90' lang='lat' dir='ltr'>turba</span> <span class='ocrx_word' id='word_1_244' title='bbox 956 3562 1134 3642; x_wconf 86' lang='lat' dir='ltr'>conflueret,</span> <span class='ocrx_word' id='word_1_245' title='bbox 1154 3563 1230 3626; x_wconf 87' lang='lat' dir='ltr'>offe-</span> 
     </span>
     <span class='ocr_line' id='line_1_33' title="bbox 207 3653 1231 3739; baseline -0.006 -21"><span class='ocrx_word' id='word_1_246' title='bbox 207 3676 276 3720; x_wconf 87' lang='lat' dir='ltr'>rens</span> <span class='ocrx_word' id='word_1_247' title='bbox 299 3655 450 3739; x_wconf 89' lang='lat' dir='ltr'>parvulos,</span> <span class='ocrx_word' id='word_1_248' title='bbox 471 3655 563 3738; x_wconf 90' lang='lat' dir='ltr'>pedes</span> <span class='ocrx_word' id='word_1_249' title='bbox 585 3655 771 3733; x_wconf 87' lang='lat' dir='ltr'>deosculans,</span> <span class='ocrx_word' id='word_1_250' title='bbox 795 3653 930 3719; x_wconf 88' lang='lat' dir='ltr'>fimbrias</span> <span class='ocrx_word' id='word_1_251' title='bbox 944 3655 1069 3731; x_wconf 89' lang='lat' dir='ltr'>vellens,</span> <span class='ocrx_word' id='word_1_252' title='bbox 1098 3672 1231 3735; x_wconf 88' lang='lat' dir='ltr'>cumque</span> 
     </span>
     <span class='ocr_line' id='line_1_34' title="bbox 206 3741 1231 3830; baseline -0.006 -22"><span class='ocrx_word' id='word_1_253' title='bbox 206 3767 269 3808; x_wconf 91' lang='lat' dir='ltr'>non</span> <span class='ocrx_word' id='word_1_254' title='bbox 284 3741 378 3827; x_wconf 85' lang='lat' dir='ltr'>pollet</span> <span class='ocrx_word' id='word_1_255' title='bbox 393 3764 574 3827; x_wconf 88' lang='lat' dir='ltr'>promovere</span> <span class='ocrx_word' id='word_1_256' title='bbox 587 3745 726 3830; x_wconf 86' lang='lat' dir='ltr'>gradum,</span> <span class='ocrx_word' id='word_1_257' title='bbox 749 3741 826 3807; x_wconf 90' lang='lat' dir='ltr'>sed</span> <span class='ocrx_word' id='word_1_258' title='bbox 819 3765 849 3805; x_wconf 90' lang='grc' dir='ltr'>ιιι</span> <span class='ocrx_word' id='word_1_259' title='bbox 873 3765 935 3806; x_wconf 90' lang='lat' dir='ltr'>uno</span> <span class='ocrx_word' id='word_1_260' title='bbox 960 3743 1074 3805; x_wconf 92' lang='lat' dir='ltr'>loco&#39;</span> <span class='ocrx_word' id='word_1_261' title='bbox 1047 3764 1097 3804; x_wconf 80' lang='lat' dir='ltr'>vix</span> <span class='ocrx_word' id='word_1_262' title='bbox 1121 3741 1231 3803; x_wconf 77' lang='lat' dir='ltr'>fludius</span> 
     </span>
     <span class='ocr_line' id='line_1_35' title="bbox 208 3829 1232 3914; baseline -0.004 -20"><span class='ocrx_word' id='word_1_263' title='bbox 208 3832 379 3896; x_wconf 85' lang='lat' dir='ltr'>inundantis</span> <span class='ocrx_word' id='word_1_264' title='bbox 394 3831 500 3914; x_wconf 93' lang='lat' dir='ltr'>populi</span> <span class='ocrx_word' id='word_1_265' title='bbox 516 3830 681 3911; x_wconf 89' lang='lat' dir='ltr'>sustineret,</span> <span class='ocrx_word' id='word_1_266' title='bbox 701 3849 744 3912; x_wconf 93' lang='lat' dir='ltr'>tu,</span> <span class='ocrx_word' id='word_1_267' title='bbox 759 3847 853 3894; x_wconf 90' lang='lat' dir='ltr'>tortus</span> <span class='ocrx_word' id='word_1_268' title='bbox 870 3831 991 3910; x_wconf 86' lang='lat' dir='ltr'>invidia,</span> <span class='ocrx_word' id='word_1_269' title='bbox 1010 3829 1150 3893; x_wconf 87' lang='lat' dir='ltr'>adversus</span> <span class='ocrx_word' id='word_1_270' title='bbox 1164 3829 1232 3912; x_wconf 93' lang='lat' dir='ltr'>glo-</span> 
     </span>
     <span class='ocr_line' id='line_1_36' title="bbox 207 3919 674 3986; baseline 0.002 -2"><span class='ocrx_word' id='word_1_271' title='bbox 207 3919 320 3984; x_wconf 89' lang='lat' dir='ltr'>riosum</span> <span class='ocrx_word' id='word_1_272' title='bbox 333 3919 433 3983; x_wconf 89' lang='lat' dir='ltr'>senem</span> <span class='ocrx_word' id='word_1_273' title='bbox 448 3920 674 3986; x_wconf 85' lang='lat' dir='ltr'>clamitabas?</span> 
     </span>
    </p>
   </div>
   <div class='ocr_carea' id='block_1_7' title="bbox 209 4027 1233 4182">
    <p class='ocr_par' dir='ltr' id='par_1_10' title="bbox 209 4027 1233 4182">
     <span class='ocr_line' id='line_1_37' title="bbox 277 4027 1233 4102; baseline -0.002 -18"><span class='ocrx_word' id='word_1_274' title='bbox 277 4031 313 4098; x_wconf 81' lang='lat' dir='ltr'>[S.</span> <span class='ocrx_word' id='word_1_275' title='bbox 330 4029 507 4102; x_wconf 77' lang='lat' dir='ltr'>Hieronymus,</span> <span class='ocrx_word' id='word_1_276' title='bbox 519 4031 592 4084; x_wconf 76' lang='lat' dir='ltr'>ls&#39;ber</span> <span class='ocrx_word' id='word_1_277' title='bbox 603 4042 687 4086; x_wconf 69' lang='lat' dir='ltr'>ronna</span> <span class='ocrx_word' id='word_1_278' title='bbox 699 4032 828 4085; x_wconf 72' lang='lat' dir='ltr'>tormen</span> <span class='ocrx_word' id='word_1_279' title='bbox 841 4028 903 4082; x_wconf 83' lang='lat' dir='ltr'>Hier</span> <span class='ocrx_word' id='word_1_280' title='bbox 903 4027 1024 4098; x_wconf 78' lang='lat' dir='ltr'>ofhlymit,</span> <span class='ocrx_word' id='word_1_281' title='bbox 1037 4046 1102 4082; x_wconf 76' lang='lat' dir='ltr'>err</span> <span class='ocrx_word' id='word_1_282' title='bbox 1075 4029 1172 4097; x_wconf 85' lang='grc' dir='ltr'>ι(Μί</span> <span class='ocrx_word' id='word_1_283' title='bbox 1164 4045 1233 4098; x_wconf 82' lang='lat' dir='ltr'>igne,</span> 
     </span>
     <span class='ocr_line' id='line_1_38' title="bbox 209 4109 599 4182; baseline -0.005 -16"><span class='ocrx_word' id='word_1_284' title='bbox 209 4113 278 4166; x_wconf 62' lang='lat' dir='ltr'>Par.</span> <span class='ocrx_word' id='word_1_285' title='bbox 294 4109 349 4176; x_wconf 73' lang='lat' dir='ltr'>lae,</span> <span class='ocrx_word' id='word_1_286' title='bbox 362 4112 462 4176; x_wconf 81' lang='lat' dir='ltr'><strong>XXIII,</strong></span> <span class='ocrx_word' id='word_1_287' title='bbox 476 4129 499 4164; x_wconf 94' lang='lat' dir='ltr'>c</span> <span class='ocrx_word' id='word_1_288' title='bbox 514 4111 599 4182; x_wconf 81' lang='lat'>363).]</span> 
     </span>
    </p>
   </div>
   <div class='ocr_carea' id='block_1_8' title="bbox 210 4213 1235 4393">
    <p class='ocr_par' dir='ltr' id='par_1_11' title="bbox 210 4213 1235 4393">
     <span class='ocr_line' id='line_1_39' title="bbox 252 4213 1233 4306; baseline -0.009 -21.716"><span class='ocrx_word' id='word_1_289' title='bbox 252 4220 459 4302; x_wconf 79' lang='lat' dir='ltr'>&lt;Antequam</span> <span class='ocrx_word' id='word_1_290' title='bbox 476 4218 593 4284; x_wconf 70' lang='lat' dir='ltr'>sanans</span> <span class='ocrx_word' id='word_1_291' title='bbox 608 4218 800 4303; x_wconf 89' lang='lat' dir='ltr'>Epiphanius</span> <span class='ocrx_word' id='word_1_292' title='bbox 814 4215 940 4282; x_wconf 83' lang='lat' dir='ltr'>venisset</span> <span class='ocrx_word' id='word_1_293' title='bbox 952 4215 1190 4306; x_wconf 82' lang='lat' dir='ltr'>Hierosolymam,</span> <span class='ocrx_word' id='word_1_294' title='bbox 1205 4213 1233 4275; x_wconf 81' lang='lat' dir='ltr'>ds</span> 
     </span>
     <span class='ocr_line' id='line_1_40' title="bbox 210 4302 1235 4393; baseline -0.008 -19"><span class='ocrx_word' id='word_1_295' title='bbox 210 4331 265 4374; x_wconf 86' lang='lat' dir='ltr'>ore</span> <span class='ocrx_word' id='word_1_296' title='bbox 279 4309 403 4393; x_wconf 88' lang='lat' dir='ltr'>quidem</span> <span class='ocrx_word' id='word_1_297' title='bbox 417 4307 447 4372; x_wconf 74' lang='grc' dir='ltr'>δι</span> <span class='ocrx_word' id='word_1_298' title='bbox 462 4307 566 4373; x_wconf 89' lang='lat' dir='ltr'>osculo</span> <span class='ocrx_word' id='word_1_299' title='bbox 580 4308 635 4372; x_wconf 87' lang='lat' dir='ltr'>tibi</span> <span class='ocrx_word' id='word_1_300' title='bbox 651 4329 760 4391; x_wconf 88' lang='lat' dir='ltr'>pacem</span> <span class='ocrx_word' id='word_1_301' title='bbox 773 4309 869 4388; x_wconf 89' lang='lat' dir='ltr'>daret,</span> <span class='ocrx_word' id='word_1_302' title='bbox 894 4304 973 4368; x_wconf 88' lang='lat' dir='ltr'>mala</span> <span class='ocrx_word' id='word_1_303' title='bbox 986 4319 1088 4369; x_wconf 87' lang='lat' dir='ltr'>autem</span> <span class='ocrx_word' id='word_1_304' title='bbox 1103 4304 1131 4366; x_wconf 76' lang='grc' dir='ltr'>δι</span> <span class='ocrx_word' id='word_1_305' title='bbox 1146 4302 1235 4366; x_wconf 91' lang='lat' dir='ltr'>dolos</span> 
     </span>
    </p>
   </div>
   <div class='ocr_carea' id='block_1_9' title="bbox 0 0 1714 5708">
    <p class='ocr_par' dir='ltr' id='par_1_12' title="bbox 0 0 1714 5708">
     <span class='ocr_line' id='line_1_41' title="bbox 0 0 1714 5708; baseline 0 0"><span class='ocrx_word' id='word_1_306' title='bbox 0 0 1714 5708; x_wconf 95' lang='lat' dir='ltr'> </span> 
     </span>
    </p>
   </div>
  </div>
 </body>
</html>
