3448 5718
865 517 1086 573 PRAEFATIO.

946 843 1023 918 xvt

583 1029 779 1092 QUALITER
798 1029 888 1083 SITA
905 1029 976 1084 EST
993 1031 1141 1086 CIVITAS
1159 1032 1381 1087 IERUSALEM.

510 1192 648 1257 Libellum
669 1215 757 1276 quem,
770 1194 878 1257 meliori
892 1194 1029 1280 deficiente
1048 1195 1136 1278 titulo,
1160 1194 1307 1282 Qualiter
1323 1193 1378 1258 fita
1391 1195 1435 1259 est
1455 1197 1507 1258 ci-

469 1291 547 1354 vitas
568 1289 730 1354 Ierusalem
749 1289 951 1382 inscripstmus,
971 1293 1046 1357 nobis
1065 1293 1264 1381 suppeditavit
1281 1295 1363 1357 codex
1387 1293 1505 1376 quidam

470 1387 677 1477 manuscriptus
712 1387 888 1453 Bibliotheca
921 1388 1147 1472 :irenammtarej'
1174 1389 1311 1475 Pariſsm',
1348 1397 1381 1452 n⁰
1427 1390 1503 1454 1161

471 1485 515 1566 (ol
529 1494 606 1565 102),
620 1484 658 1547 X
655 1486 722 1549 Ilm
735 1487 877 1571 incipiente
881 1487 991 1576 saeculo
1004 1502 1149 1567 exaratus,
1160 1489 1190 1550 in
1202 1510 1252 1569 quo
1267 1511 1326 1550 una
1344 1509 1406 1551 cum
1420 1484 1506 1574 epus·

470 1581 540 1660 culo,
552 1584 584 1645 de
595 1605 646 1665 quo
655 1583 774 1667 agimus,
787 1585 940 1647 continetur
951 1583 1086 1647 Historia
1097 1583 1384 1667 Hierosolymitana,
1398 1607 1418 1648 o
1428 1585 1504 1648 Bal-

469 1681 547 1744 drico
570 1681 751 1766 Burgulienst
774 1682 938 1769 conscripta.
962 1683 1163 1769 Breuiffunum
1188 1683 1307 1765 quidem,
1334 1705 1383 1746 nec
1411 1697 1504 1746 tamen

470 1779 689 1842 contemnendum
714 1779 873 1866 opusculum
895 1780 979 1864 istud,
1000 1794 1032 1842 ut
1050 1782 1087 1844 ab
1108 1780 1213 1843 oculato
1236 1781 1298 1860 tesle
1311 1780 1504 1865 conscriptum,

471 1876 519 1960 qui
540 1898 624 1958 neque
644 1876 731 1940 Beda
750 1877 850 1956 libello,
873 1900 958 1961 neque
976 1879 1164 1958 innominatis,
1189 1901 1208 1940 a
1232 1875 1295 1941 Tito
1312 1873 1416 1942 Toller
1439 1877 1503 1940 olion

471 1975 557 2054 editis,
568 1974 800 2063 descriptionibus,
808 1975 941 2064 adsuam
951 1976 1143 2039 contexendam
1154 1975 1348 2040 narrationem
1361 1975 1427 2061 usus
1433 1977 1502 2057 suit.

472 2071 559 2135 Cuius
568 2085 649 2151 etas,
657 2093 819 2154 quanquam
831 2087 894 2136 ante
900 2073 1026 2157 primam
1027 2073 1151 2160 sacram
1161 2073 1353 2156 expeditionem
1365 2081 1504 2137 auctorem

472 2191 636 2252 anonymum
659 2169 763 2253 uixese
786 2171 932 2249 credimus,
956 2170 1094 2257 nonsatis
1111 2185 1184 2234 certe
1203 2171 1383 2261 cognosciutr.
1407 2167 1507 2232 Multi

462 2266 592 2353 fortaffe
605 2289 665 2330 eum
679 2267 821 2352 incipiente
834 2267 872 2330 Χ
871 2266 936 2330 11¹⁰
941 2268 1051 2355 saeculo
1053 2267 1189 2352 floruise
1204 2269 1404 2352 opinabuntur.
1430 2264 1505 2328 Utile

472 2386 536 2446 ergo
551 2364 624 2425 nobis
633 2363 707 2446 sore
719 2361 815 2448 uisum
829 2366 877 2449 est,
902 2379 1081 2448 argumenta,
1094 2388 1157 2447 qua
1174 2366 1310 2428 adunam
1332 2363 1505 2445 alteramque

468 2461 649 2546 probandam
664 2462 811 2545 opinionem
826 2461 933 2546 afferri
942 2461 1059 2547 posent,
1074 2463 1199 2526 breuiter
1213 2476 1353 2545 exponere.

510 2557 612 2643 Quum
626 2559 659 2620 de
679 2558 805 2641 reliquiis
819 2558 944 2624 Iudaicis
956 2560 1092 2641 loquatur
1105 2581 1265 2642 anonymus,
1282 2558 1382 2647 easque
1403 2571 1507 2620 narret

471 2657 500 2718 in
517 2655 631 2740 Templo
644 2655 764 2718 Domini
776 2656 938 2741 aspernari,
953 2679 1024 2739 quas
1036 2657 1169 2740 reliquias
1182 2655 1276 2719 multis
1295 2669 1359 2719 ante
1377 2655 1505 2739 primam

468 2753 586 2840 sacram
599 2753 791 2836 expeditionem
802 2755 883 2817 annis
893 2753 1149 2840 Corylantinopolim
1162 2753 1502 2838 mundulerantimpera-

471 2867 541 2916 tores
570 2850 700 2931 Grati!
724 2867 779 2936 pro
806 2865 878 2915 certo
901 2851 1067 2933 babendum,
1090 2863 1227 2918 nudarent
1251 2852 1371 2934 nostrum
1392 2850 1502 2935 expedi-

471 2951 569 3014 tionem
580 2951 660 3036 piom
675 2949 848 3037 antecefflffe.

510 3048 659 3112 Auctorem
673 3070 742 3112 uero
762 3070 926 3130 anonymum
940 3046 1109 3134 Ierusalem
1132 3049 1184 3112 bac
1195 3049 1310 3112 ciuitate
1322 3049 1380 3110 iane
1395 3070 1414 3109 a
1432 3045 1506 3109 Sar·

470 3144 716 3234 racenissuboeta,
727 3143 827 3229 adiiffe
837 3146 994 3225 uideretur,
1004 3147 1104 3231 quippe
1113 3147 1162 3227 qui
1175 3144 1349 3228 Templum
1362 3141 1505 3223 Domini,

471 3245 504 3310 id
514 3243 731 3332 estsynagegam
746 3243 783 3306 ab
798 3241 919 3323 Omero,
937 3256 970 3304 ut
982 3243 1069 3326 vulgo
1083 3244 1218 3323 creditur,
1238 3269 1271 3308 ex
1313 3250 1416 3321 uo‘iam,
1441 3239 1506 3328 des·

471 3343 571 3405 cribet.
586 3340 651 3403 lam
669 3341 725 3405 eius
739 3339 989 3426 peregrinationem
1008 3340 1056 3403 diu
1069 3341 1128 3425 post
1144 3245 1347 3426 Arculpdiiam
1367 3338 1465 3422 cmtigi
1492 3363 1506 3401 c

471 3465 504 3504 ex
522 3462 550 3502 eo
569 3437 693 3502 concludi
706 3438 808 3523 posset,
831 3438 906 3520 quod
920 3436 1005 3523 ipſsuc
1025 3439 1059 3500 de
1084 3434 1199 3522 Templo
1220 3439 1312 3501 verba
1334 3437 1424 3520 magis
1444 3459 1506 3499 cum

470 3537 535 3617 ilis,
549 3559 612 3621 qua
621 3536 696 3600 nobis
706 3536 739 3598 de
748 3536 796 3599 boc
809 3536 992 3599 tradiderunt
999 3535 1161 3598 recentiores
1165 3535 1329 3624 scriptores,
1343 3555 1428 3616 quam
1444 3555 1506 3596 cum

472 3634 590 3721 Arculfi
600 3634 731 3698 relutime
745 3635 935 3697 concordent.²
952 3633 1161 3695 Submotanduon
1171 3632 1253 3696 etiam
1267 3631 1348 3714 quod,
1357 3654 1420 3694 cum
1436 3630 1505 3717 nus·

472 3755 557 3817 quarn
574 3733 607 3796 de
620 3731 796 3810 Sarroccm's‚
810 3731 858 3813 qui
870 3731 1003 3813 quamdiu
1017 3729 1173 3821 Ierusalem
1188 3743 1345 3807 tacuerunt,
1361 3726 1507 3814 Templum

469 3847 524 3916 pro
545 3827 883 3917 synagogasloabuerunt,
905 3827 1060 3892 meminerit
1085 3829 1252 3911 peregrinus
1283 3827 1384 3911 noster,
1404 3823 1508 3910 neceffe

511 4081 522 4117 ι
540 4059 695 4117 Annoenim
708 4061 850 4126 627‚Aoeu
862 4059 955 4114 reode-
1050 4057 1123 4113 oct.
1146 4057 1220 4123 inin,
1232 4075 1258 4128 p.
1278 4075 1336 4126 ¹45.
1353 4057 1378 4110 ic
1396 4055 1505 4126 Mudgir

473 4145 506 4198 rit
519 4143 544 4196 in
562 4141 757 4198 Blachernucum
769 4141 862 4210 palutio
881 4137 956 4192 affer·
1015 4138 1108 4204 Eddin,
1122 4137 1181 4206 Hist.
1191 4141 1223 4190 de
1236 4135 1380 4204 Jirusalm
1390 4135 1504 4190 &dlli-

473 4217 956 4367 ssbffizfssachrmpasmh’ed'
1014 4220 1084 4289 mon,
1098 4219 1161 4274 und.
1173 4216 1299 4284 unvano,
1312 4235 1339 4290 p.
1354 4232 1443 4288 5¹55·

558 4339 598 4374 re
659 4339 666 4360 ·
