3354 5706
433 563 484 614 DE
508 562 612 614 LOCIS
636 560 802 614 SANCTIS.
1067 560 1126 637 191

413 949 559 1040 LIBER
591 948 830 1039 TERTIUS

540 1199 691 1238 cnttwtn.

146 1389 172 1454 l.
200 1391 253 1454 Dc
268 1388 570 1472 Constantinopolitano
584 1388 704 1450 civitate.

133 1477 176 1542 II.
204 1479 256 1540 De
270 1477 414 1563 conditione
428 1473 549 1562 eiusdem
563 1475 692 1539 civitatis.

112 1566 172 1631 Ill.
200 1568 252 1629 De
265 1567 318 1629 illa
333 1565 454 1651 ecclestct,
468 1567 497 1626 in
513 1589 568 1648 qua
582 1589 653 1628 crux
671 1566 789 1628 Domini
801 1565 928 1628 babetur.

113 1655 173 1719 lV.
200 1652 360 1741 Destndo
377 1654 494 1737 Georgia
507 1653 667 1738 tonsefftre.

132 1747 174 1808 V.
200 1745 252 1808 Dc
266 1742 494 1896 imaginqsande
508 1743 623 1806 Mani.

117 1831 173 1898 VI.
200 1835 251 1898 De
266 1851 353 1896 monte
398 1833 506 1896 ultano.

99 1920 171 1988 Vll.
198 1922 341 2006 Epilogus.
362 1921 367 1930 ’

317 2231 336 2298 l.
364 2233 414 2297 Ue
432 2227 763 2320 Constantinopolitano
780 2233 914 2298 civitate.

146 2421 301 2492 Arculfits
320 2423 394 2519 sepe
409 2445 621 2512 memoratus,
640 2417 681 2490 ab
696 2419 892 2492 Alexandria
909 2421 1060 2514 reversus,
1075 2449 1132 2519 pet

100 2528 225 2624 aliquot
245 2527 313 2599 dies
330 2531 364 2599 in
376 2525 477 2600 Creta
490 2527 669 2624 hospitatus
683 2527 726 2597 est
743 2526 845 2598 insula
862 2528 907 2619 &‚
926 2526 967 2600 ab
989 2555 1027 2600 ea
1041 2530 1130 2602 navi-

99 2661 192 2732 gans,
206 2634 536 2732 Constantinopolim
554 2634 722 2732 appetivit,
735 2637 767 2704 in
784 2659 848 2730 qua
866 2660 924 2731 pet
937 2634 1062 2731 aliquot
1075 2637 1130 2709 de·

98 2767 243 2814 moratus
258 2742 302 2812 est
313 2741 447 2812 menses.
462 2740 539 2836 Qte
552 2739 668 2835 procul
681 2738 783 2810 dubio
797 2741 937 2812 Romani
951 2743 995 2813 est
1007 2769 1130 2815 metro·

98 2849 178 2946 polis
186 2849 328 2944 imperii,
338 2846 433 2918 undis
446 2846 565 2916 maris⁶
581 2845 790 2938 circumdata,
804 2872 939 2945 excepta
953 2849 1131 2945 aquilonali

98 2983 185 3054 parte
198 2956 294 3045 illius,
312 2952 415 3050 quod,
435 2950 676 3050 quadragintal
693 2979 781 3024 mare
794 2953 934 3025 millibus
948 2953 1097 3052 palluum
1111 2986 1130 3030 a

100 3066 176 3134 mati
193 3065 322 3162 Magno
340 3086 522 3158 emmpens‚
540 3087 559 3130 a
581 3086 677 3130 muto
694 3086 773 3132 veto
791 3061 1130 3162 Constantinopoleos

101 3169 195 3266 usque
217 3169 261 3241 ad
280 3171 360 3240 ostia
382 3164 525 3258 Danubii
548 3164 688 3237 fluminis
711 3169 888 3266 sexaginta‘
908 3167 1048 3241 millibus
1065 3171 1131 3242 ltoc

100 3275 183 3346 idem
200 3275 409 3375 protenditur
424 3300 523 3344 mate.
550 3273 623 3344 llec
643 3275 751 3369 itaque
772 3276 983 3372 imperatoria
1005 3279 1128 3368 civitas,

103 3409 165 3454 non
175 3409 281 3482 parvo
292 3406 461 3452 mutorum
470 3377 594 3451 ambitu
607 3406 664 3477 per
677 3378 855 3452 duodecim
868 3383 967 3453 millia
978 3382 1129 3481 palluum

100 3475 344 3580 circuncintta;
358 3487 495 3584 angulus
509 3485 701 3585 iuxta'lttum
714 3489 809 3559 matis
823 3486 944 3561 habens
957 3515 1016 3586 pet
1032 3495 1127 3563 mari·

101 3593 220 3687 rimam,
251 3621 287 3666 ut
314 3592 510 3667 Alexandria
531 3591 594 3666 live
611 3593 801 3692 Carthago,
827 3595 1010 3666 consttudla
1036 3622 1129 3668 oram

101 3701 142 3791 dt,
162 3700 203 3772 ad
219 3703 299 3794 Tyri
317 3699 569 3790 similitudinem,
592 3697 709 3771 crebris
728 3701 859 3798 inl‘uper
882 3699 1018 3773 turribus
1036 3728 1128 3774 com-

102 3809 238 3878 munitos
252 3834 380 3899 muros,
398 3807 517 3879 domos
533 3810 619 3878 intra
631 3808 767 3880 civitatis
780 3808 888 3878 menia
901 3806 1000 3880 habet
1012 3835 1126 3882 nume·

102 3913 194 3984 rosas:
209 3939 248 3984 ex
260 3911 379 4009 quibus
394 3915 532 4012 plurime
546 3915 625 3986 mire
647 3913 892 4012 magnitudino,
903 3913 1032 4011 lapidee
1037 3915 1071 4005 ,θ
1085 3915 1127 3988 ad

101 4017 189 4090 inllar
205 4016 587 4130 Romehabitaculotum
602 4016 786 4112 fabricate,e
802 4021 1011 4119 consurgunt.

133 4257 153 4290 ι.
175 4241 244 4308 Mff.;
267 4241 301 4293 al.
322 4242 432 4311 undique
446 4259 523 4294 mate.
546 4271 579 4283 -
642 4245 705 4296 miro
727 4263 759 4297 m.
779 4245 868 4314 lapide.
891 4275 923 4286 -—
946 4263 968 4296 e.
980 4247 1025 4308 0.,
1043 4243 1124 4311 Grets.

102 4317 125 4368 b.
140 4318 177 4372 At.
192 4321 224 4372 lx.
245 4349 278 4360 —
300 4337 323 4374 c.
345 4320 384 4373 Al.
405 4321 437 4374 ul.
459 4351 491 4362 -
510 4321 533 4373 d.
552 4323 580 4374 L.
641 4321 760 4376 habitate.
