3448 5718
521 1015 681 1087 SANCTI
709 1015 948 1088 HIERONYMI

284 1197 1189 1376 Peuecurunrro

420 1527 1053 1649 mmmmffle

727 1865 745 1908 =l=

236 2130 286 2217 qs*
309 2130 398 2221 Ἦ
489 2125 586 2197 UUM
628 2125 759 2194 orientis
797 2126 832 2194 bc
866 2121 1046 2196 occidentis
1079 2125 1252 2220 episcopos

237 2222 253 2331 ’ᾖ
277 2230 345 2327 ,ξῖζ
447 2269 452 2303 4
489 2228 533 2302 ob
552 2229 710 2327 quasdam
731 2229 937 2302 ecclesiarum
957 2228 1165 2302 dissensiones
1186 2233 1250 2302 Ro·

239 2404 247 2421 -.
301 2334 376 2438 ,ζὴ
387 2350 389 2353 ’
400 2322 425 2435 ἲ
454 2364 459 2389 ·
486 2365 578 2410 marn
592 2339 777 2435 imperiales
790 2338 895 2410 littere
913 2335 1156 2430 contraxissent,
1168 2337 1250 2410 vidit

277 2520 308 2551 w,
329 2432 377 2521 iil
402 2432 466 2555 'js
488 2444 610 2542 [Paula]
628 2443 834 2516 admirabiles
851 2446 937 2517 viros
959 2444 1143 2539 Christique
1165 2470 1250 2541 pon·

267 2544 360 2597 ³5⁶³*
417 2544 471 2579 ‘'i'‘
485 2551 598 2643 tifices‚
613 2541 793 2643 Paulinum,
807 2549 1016 2622 Antiochene
1026 2548 1110 2622 urbis
1126 2552 1251 2648 episco-

219 2665 356 2757 pum&
369 2662 585 2760 Epiphaniam
602 2660 762 2732 Salamine
776 2659 890 2754 Cypri,
906 2683 970 2753 que
987 2682 1076 2729 nunc
1088 2658 1251 2730 Constan-

218 2770 265 2838 tia
282 2766 413 2842 dicitur:
439 2796 582 2867 quorum
599 2767 815 2863 Epiphaniurn
832 2767 931 2836 etiam
948 2765 1110 2860 hospitem
1129 2764 1252 2854 habuit,

219 2875 399 2966 Paulinum,
420 2878 455 2948 in
481 2877 587 2947 aliena
614 2898 805 2945 manentem
830 2869 947 2961 domo,
973 2868 1060 2967 quast
1081 2874 1253 2968 proprium
1382 2889 1388 2898 “

216 2981 421 3054 humanitate
450 2979 602 3079 possedit.
643 2981 799 3078 Quorum
828 2978 965 3050 accensa
994 2977 1163 3052 virtutibus
1194 3007 1253 3078 per

82 3109 99 3120 ··
217 3113 391 3160 momenta
407 3089 549 3185 patriam
566 3085 711 3158 deserere
732 3082 910 3182 cogitabat.
936 3085 1015 3155 Non
1033 3082 1164 3177 domus,
1181 3113 1252 3158 non

214 3191 406 3286 liberorum,
430 3219 499 3264 non
517 3192 650 3284 fandie,
673 3216 743 3263 non
761 3188 1006 3287 possessionum,
1029 3217 1098 3262 non
1119 3192 1252 3265 alicuius

217 3301 277 3390 tei,
295 3325 359 3395 que
376 3298 419 3372 ad
432 3299 576 3371 seculum
592 3301 745 3394 pertinet,
762 3323 904 3388 memor,
922 3296 1001 3390 sola,
1018 3295 1039 3368 sr
1057 3298 1122 3369 dici
1136 3298 1252 3394 potest,

219 3411 255 3478 ἀ
271 3408 465 3478 incomitata
490 3405 532 3478 ad
550 3433 695 3478 eremum
712 3406 938 3476 Antoniorum
964 3429 1063 3501 atque
1081 3406 1253 3477 Paulorurn

218 3541 357 3612 pergere
376 3513 540 3612 gestiebat.

269 3624 302 3691 ll.
329 3619 545 3715 Tandemque
564 3623 676 3692 exasta
693 3618 813 3708 hieme,
835 3642 952 3716 aperto
975 3621 1067 3711 mari,
1090 3616 1252 3690 redeunti-

215 3725 278 3798 bus
296 3723 339 3798 ad
358 3725 505 3798 ecclesias
527 3729 597 3799 suas
615 3727 789 3824 episcopis,
811 3728 846 3796 bc
864 3726 934 3822 ipsa
951 3751 1032 3798 voto
1057 3751 1134 3796 cum
1152 3728 1196 3799 eis
1214 3753 1253 3799 ac

218 3833 376 3906 defiderio
394 3837 571 3934 navigavit.
598 3833 692 3932 Qid
718 3834 799 3905 ultra
817 3831 955 3904 differo?
968 3850 983 3878 α
1009 3832 1185 3906 Descendit
1210 3835 1253 3906 ad

217 3967 365 4038 portum,
391 3942 499 4032 fratre,
525 3942 687 4040 cognatis,
716 3937 868 4012 affinibus
891 3943 936 4032 ἃ,
967 3939 1058 4035 quod
1084 3941 1131 4011 his
1149 3941 1253 4012 maius

218 4049 275 4140 ess
303 4047 410 4120 liberis
437 4045 708 4145 prosequentibus
737 4051 772 4118 ἃ
806 4045 1085 4120 clementiffimam
1112 4071 1253 4118 matrem

216 4157 339 4253 pietate
357 4157 486 4228 vincere
504 4153 721 4252 cupientibus.
750 4159 817 4225 lam
836 4151 966 4226 carbasa
985 4151 1253 4226 tendebantur&

249 4419 275 4454 a.
294 4401 363 4456 Forte
375 4399 476 4458 differo.
613 4470 618 4478 Ι
