<?xml version="1.0" encoding="UTF-8"?>
<!DOCTYPE html PUBLIC "-//W3C//DTD XHTML 1.0 Transitional//EN"
    "http://www.w3.org/TR/xhtml1/DTD/xhtml1-transitional.dtd">
<html xmlns="http://www.w3.org/1999/xhtml" xml:lang="en" lang="en">
 <head>
  <title>
</title>
<meta http-equiv="Content-Type" content="text/html;charset=utf-8" />
  <meta name='ocr-system' content='tesseract 3.04.00' />
  <meta name='ocr-capabilities' content='ocr_page ocr_carea ocr_par ocr_line ocrx_word'/>
</head>
<body>
  <div class='ocr_page' id='page_1' title='image "./itinerahierosol00berngoog_0362.png"; bbox 0 0 3296 5700; ppageno 0'>
   <div class='ocr_carea' id='block_1_1' title="bbox 316 537 1107 622">
    <p class='ocr_par' dir='ltr' id='par_1_1' title="bbox 316 537 1107 622">
     <span class='ocr_line' id='line_1_1' title="bbox 316 537 1107 622; baseline 0.009 -31"><span class='ocrx_word' id='word_1_1' title='bbox 316 537 580 592; x_wconf 81' lang='lat' dir='ltr'>ITINERARIUM</span> <span class='ocrx_word' id='word_1_2' title='bbox 597 539 621 590; x_wconf 86' lang='lat' dir='ltr'>S.</span> <span class='ocrx_word' id='word_1_3' title='bbox 649 539 892 592; x_wconf 85' lang='lat' dir='ltr'>WILLIBALDI.</span> <span class='ocrx_word' id='word_1_4' title='bbox 1045 545 1107 622; x_wconf 83' lang='lat'>291</span> 
     </span>
    </p>
   </div>
   <div class='ocr_carea' id='block_1_2' title="bbox 72 661 325 673">
    <p class='ocr_par' dir='ltr' id='par_1_2' title="bbox 72 661 325 673">
     <span class='ocr_line' id='line_1_2' title="bbox 72 661 325 673; baseline -0.004 -3"><span class='ocrx_word' id='word_1_5' title='bbox 72 661 325 673; x_wconf 76' lang='lat'>.......——.----</span> 
     </span>
    </p>
   </div>
   <div class='ocr_carea' id='block_1_3' title="bbox 60 753 1320 3734">
    <p class='ocr_par' dir='ltr' id='par_1_3' title="bbox 60 753 1291 2986">
     <span class='ocr_line' id='line_1_3' title="bbox 117 753 1113 854; baseline 0 -26"><span class='ocrx_word' id='word_1_6' title='bbox 117 758 165 828; x_wconf 88' lang='lat' dir='ltr'>X.</span> <span class='ocrx_word' id='word_1_7' title='bbox 190 754 327 854; x_wconf 81' lang='lat' dir='ltr'>Digrelst</span> <span class='ocrx_word' id='word_1_8' title='bbox 340 753 416 828; x_wconf 90' lang='lat' dir='ltr'>inde</span> <span class='ocrx_word' id='word_1_9' title='bbox 430 758 570 826; x_wconf 87' lang='lat' dir='ltr'>lordonis</span> <span class='ocrx_word' id='word_1_10' title='bbox 581 760 697 846; x_wconf 81' lang='lat' dir='ltr'>fluenta</span> <span class='ocrx_word' id='word_1_11' title='bbox 708 760 876 852; x_wconf 81' lang='lat' dir='ltr'>sequendo,</span> <span class='ocrx_word' id='word_1_12' title='bbox 895 783 1054 829; x_wconf 86' lang='lat' dir='ltr'>venerunt</span> <span class='ocrx_word' id='word_1_13' title='bbox 1071 756 1113 830; x_wconf 78' lang='lat' dir='ltr'>ad</span> 
     </span>
     <span class='ocr_line' id='line_1_4' title="bbox 66 861 1113 959; baseline -0.002 -23"><span class='ocrx_word' id='word_1_14' title='bbox 66 866 174 936; x_wconf 89' lang='lat' dir='ltr'>illum</span> <span class='ocrx_word' id='word_1_15' title='bbox 190 861 333 936; x_wconf 85' lang='lat' dir='ltr'>Iordanis</span> <span class='ocrx_word' id='word_1_16' title='bbox 346 863 469 953; x_wconf 82' lang='lat' dir='ltr'>locum,</span> <span class='ocrx_word' id='word_1_17' title='bbox 489 867 539 932; x_wconf 78' lang='lat' dir='ltr'>ubi</span> <span class='ocrx_word' id='word_1_18' title='bbox 550 867 702 933; x_wconf 75' lang='lat' dir='ltr'><em>Dominus</em></span> <span class='ocrx_word' id='word_1_19' title='bbox 715 892 809 956; x_wconf 81' lang='lat' dir='ltr'>aquas</span> <span class='ocrx_word' id='word_1_20' title='bbox 826 867 944 936; x_wconf 84' lang='lat' dir='ltr'>diluvio</span> <span class='ocrx_word' id='word_1_21' title='bbox 958 866 1032 936; x_wconf 91' lang='lat' dir='ltr'>olim</span> <span class='ocrx_word' id='word_1_22' title='bbox 1040 866 1113 959; x_wconf 88' lang='lat' dir='ltr'>pol·</span> 
     </span>
     <span class='ocr_line' id='line_1_5' title="bbox 65 967 1115 1068; baseline 0.002 -28"><span class='ocrx_word' id='word_1_23' title='bbox 65 975 157 1042; x_wconf 83' lang='lat' dir='ltr'>lutus</span> <span class='ocrx_word' id='word_1_24' title='bbox 176 976 240 1066; x_wconf 87' lang='lat' dir='ltr'>suo</span> <span class='ocrx_word' id='word_1_25' title='bbox 263 976 439 1068; x_wconf 82' lang='lat' dir='ltr'>baptismate</span> <span class='ocrx_word' id='word_1_26' title='bbox 463 975 567 1042; x_wconf 87' lang='lat' dir='ltr'>lavans</span> <span class='ocrx_word' id='word_1_27' title='bbox 594 973 759 1042; x_wconf 89' lang='lat' dir='ltr'>mundavit.</span> <span class='ocrx_word' id='word_1_28' title='bbox 790 967 833 1042; x_wconf 92' lang='lat' dir='ltr'>lbi</span> <span class='ocrx_word' id='word_1_29' title='bbox 846 973 971 1064; x_wconf 79' lang='lat' dir='ltr'><em>salubri</em></span> <span class='ocrx_word' id='word_1_30' title='bbox 998 975 1115 1066; x_wconf 81' lang='lat' dir='ltr'>liquore</span> 
     </span>
     <span class='ocr_line' id='line_1_6' title="bbox 60 1073 1229 1176; baseline 0 -28"><span class='ocrx_word' id='word_1_31' title='bbox 60 1085 194 1176; x_wconf 79' lang='lat' dir='ltr'>perfufi</span> <span class='ocrx_word' id='word_1_32' title='bbox 211 1105 368 1150; x_wconf 84' lang='lat' dir='ltr'>venerunt</span> <span class='ocrx_word' id='word_1_33' title='bbox 385 1079 535 1172; x_wconf 83' lang='lat' dir='ltr'>Galgala,</span> <span class='ocrx_word' id='word_1_34' title='bbox 561 1073 617 1146; x_wconf 89' lang='lat' dir='ltr'>ubi</span> <span class='ocrx_word' id='word_1_35' title='bbox 638 1075 694 1166; x_wconf 87' lang='lat' dir='ltr'>filij</span> <span class='ocrx_word' id='word_1_36' title='bbox 714 1077 804 1148; x_wconf 88' lang='lat' dir='ltr'>lltael</span> <span class='ocrx_word' id='word_1_37' title='bbox 823 1075 966 1148; x_wconf 84' lang='lat' dir='ltr'>sublatos</span> <span class='ocrx_word' id='word_1_38' title='bbox 988 1077 1029 1149; x_wconf 92' lang='lat' dir='ltr'>de</span> <span class='ocrx_word' id='word_1_39' title='bbox 1049 1083 1112 1149; x_wconf 91' lang='lat' dir='ltr'>lot·</span> <span class='ocrx_word' id='word_1_40' title='bbox 1127 1085 1229 1148; x_wconf 58' lang='lat' dir='ltr'>Gerana.</span> 
     </span>
     <span class='ocr_line' id='line_1_7' title="bbox 67 1183 1114 1282; baseline 0.001 -28"><span class='ocrx_word' id='word_1_41' title='bbox 67 1184 163 1256; x_wconf 90' lang='lat' dir='ltr'>dane</span> <span class='ocrx_word' id='word_1_42' title='bbox 196 1186 250 1256; x_wconf 82' lang='grc' dir='ltr'>ΧΗ</span> <span class='ocrx_word' id='word_1_43' title='bbox 276 1185 400 1282; x_wconf 86' lang='lat' dir='ltr'>lapides</span> <span class='ocrx_word' id='word_1_44' title='bbox 428 1186 462 1256; x_wconf 90' lang='lat' dir='ltr'>in</span> <span class='ocrx_word' id='word_1_45' title='bbox 493 1183 713 1254; x_wconf 90' lang='lat' dir='ltr'>testimonium</span> <span class='ocrx_word' id='word_1_46' title='bbox 742 1184 1032 1280; x_wconf 85' lang='lat' dir='ltr'>transmigrationis</span> <span class='ocrx_word' id='word_1_47' title='bbox 1060 1185 1114 1256; x_wconf 91' lang='lat' dir='ltr'>sue</span> 
     </span>
     <span class='ocr_line' id='line_1_8' title="bbox 68 1290 1220 1388; baseline 0.001 -28"><span class='ocrx_word' id='word_1_48' title='bbox 68 1292 270 1386; x_wconf 86' lang='lat' dir='ltr'>posuerunt.</span> <span class='ocrx_word' id='word_1_49' title='bbox 296 1290 372 1363; x_wconf 89' lang='lat' dir='ltr'>lnde</span> <span class='ocrx_word' id='word_1_50' title='bbox 395 1315 560 1388; x_wconf 85' lang='lat' dir='ltr'>permeata</span> <span class='ocrx_word' id='word_1_51' title='bbox 586 1295 714 1379; x_wconf 88' lang='lat' dir='ltr'>lericlto,</span> <span class='ocrx_word' id='word_1_52' title='bbox 743 1295 792 1360; x_wconf 84' lang='lat' dir='ltr'>uli</span> <span class='ocrx_word' id='word_1_53' title='bbox 818 1294 958 1361; x_wconf 88' lang='lat' dir='ltr'>Iordanis</span> <span class='ocrx_word' id='word_1_54' title='bbox 978 1297 1008 1360; x_wconf 94' lang='lat' dir='ltr'>in</span> <span class='ocrx_word' id='word_1_55' title='bbox 1034 1304 1220 1362; x_wconf 77' lang='lat' dir='ltr'>mareleticho·</span> 
     </span>
     <span class='ocr_line' id='line_1_9' title="bbox 71 1392 1112 1490; baseline -0.002 -20"><span class='ocrx_word' id='word_1_56' title='bbox 71 1401 252 1470; x_wconf 67' lang='lat' dir='ltr'>Mortuum</span> <span class='ocrx_word' id='word_1_57' title='bbox 265 1426 367 1470; x_wconf 81' lang='lat' dir='ltr'>nonten</span> <span class='ocrx_word' id='word_1_58' title='bbox 386 1425 450 1467; x_wconf 85' lang='lat' dir='ltr'>cum</span> <span class='ocrx_word' id='word_1_59' title='bbox 467 1399 551 1490; x_wconf 84' lang='lat' dir='ltr'>cursu</span> <span class='ocrx_word' id='word_1_60' title='bbox 565 1396 721 1487; x_wconf 83' lang='lat' dir='ltr'>amiffurus</span> <span class='ocrx_word' id='word_1_61' title='bbox 739 1401 850 1488; x_wconf 69' lang='lat' dir='ltr'>influit,</span> <span class='ocrx_word' id='word_1_62' title='bbox 868 1392 994 1466; x_wconf 73' lang='lat' dir='ltr'>vineato</span> <span class='ocrx_word' id='word_1_63' title='bbox 1012 1397 1112 1468; x_wconf 85' lang='lat' dir='ltr'>etiam</span> 
     </span>
     <span class='ocr_line' id='line_1_10' title="bbox 69 1485 1274 1598; baseline -0.003 -22"><span class='ocrx_word' id='word_1_64' title='bbox 69 1509 187 1576; x_wconf 66' lang='lat' dir='ltr'>Suncli</span> <span class='ocrx_word' id='word_1_65' title='bbox 204 1511 353 1596; x_wconf 75' lang='lat' dir='ltr'>Eustachii</span> <span class='ocrx_word' id='word_1_66' title='bbox 368 1501 584 1574; x_wconf 86' lang='lat' dir='ltr'>monasterio</span> <span class='ocrx_word' id='word_1_67' title='bbox 575 1526 610 1571; x_wconf 91' lang='lat' dir='ltr'>1n</span> <span class='ocrx_word' id='word_1_68' title='bbox 624 1500 797 1572; x_wconf 83' lang='lat' dir='ltr'>medietate</span> <span class='ocrx_word' id='word_1_69' title='bbox 812 1501 932 1572; x_wconf 82' lang='lat' dir='ltr'>leticho</span> <span class='ocrx_word' id='word_1_70' title='bbox 948 1503 982 1572; x_wconf 71' lang='grc' dir='ltr'>ὅ(</span> <span class='ocrx_word' id='word_1_71' title='bbox 999 1501 1113 1572; x_wconf 88' lang='lat' dir='ltr'>letula·</span> <span class='ocrx_word' id='word_1_72' title='bbox 1127 1487 1274 1598; x_wconf 44' lang='lat' dir='ltr'>muitw</span> <span class='ocrx_word' id='word_1_73' title='bbox 1226 1485 1274 1532; x_wconf 62' lang='grc' dir='ltr'>Ἠ</span> 
     </span>
     <span class='ocr_line' id='line_1_11' title="bbox 70 1607 1291 1707; baseline -0.004 -25"><span class='ocrx_word' id='word_1_74' title='bbox 70 1613 141 1682; x_wconf 89' lang='lat' dir='ltr'>lem</span> <span class='ocrx_word' id='word_1_75' title='bbox 158 1608 233 1702; x_wconf 87' lang='lat' dir='ltr'>stt0‚</span> <span class='ocrx_word' id='word_1_76' title='bbox 251 1619 301 1682; x_wconf 82' lang='lat' dir='ltr'>nix</span> <span class='ocrx_word' id='word_1_77' title='bbox 318 1614 513 1706; x_wconf 70' lang='lat' dir='ltr'>ertspedlatam</span> <span class='ocrx_word' id='word_1_78' title='bbox 534 1607 761 1707; x_wconf 87' lang='lat' dir='ltr'>ingrediuntur</span> <span class='ocrx_word' id='word_1_79' title='bbox 778 1611 1030 1703; x_wconf 78' lang='lat' dir='ltr'>Hierosolymam.</span> <span class='ocrx_word' id='word_1_80' title='bbox 1053 1613 1182 1680; x_wconf 75' lang='lat' dir='ltr'>Cuiflier</span> <span class='ocrx_word' id='word_1_81' title='bbox 1184 1625 1283 1686; x_wconf 73' lang='grc' dir='ltr'>οιιιιιω</span> <span class='ocrx_word' id='word_1_82' title='bbox 1271 1641 1291 1670; x_wconf 73' lang='grc' dir='ltr'>ι</span> 
     </span>
     <span class='ocr_line' id='line_1_12' title="bbox 72 1719 1113 1809; baseline -0.001 -21"><span class='ocrx_word' id='word_1_83' title='bbox 72 1746 146 1790; x_wconf 91' lang='lat' dir='ltr'>tunc</span> <span class='ocrx_word' id='word_1_84' title='bbox 167 1721 238 1788; x_wconf 88' lang='lat' dir='ltr'>loco</span> <span class='ocrx_word' id='word_1_85' title='bbox 256 1720 466 1788; x_wconf 78' lang='lat' dir='ltr'>miraculorum</span> <span class='ocrx_word' id='word_1_86' title='bbox 490 1719 536 1786; x_wconf 84' lang='lat' dir='ltr'>vel</span> <span class='ocrx_word' id='word_1_87' title='bbox 557 1719 688 1786; x_wconf 85' lang='lat' dir='ltr'>alicuius</span> <span class='ocrx_word' id='word_1_88' title='bbox 713 1743 832 1808; x_wconf 88' lang='lat' dir='ltr'>operum</span> <span class='ocrx_word' id='word_1_89' title='bbox 847 1721 978 1785; x_wconf 84' lang='lat' dir='ltr'>‘Domini</span> <span class='ocrx_word' id='word_1_90' title='bbox 994 1719 1113 1809; x_wconf 79' lang='lat' dir='ltr'>conscio</span> 
     </span>
     <span class='ocr_line' id='line_1_13' title="bbox 74 1823 1115 1917; baseline -0.004 -21"><span class='ocrx_word' id='word_1_91' title='bbox 74 1833 123 1896; x_wconf 85' lang='lat' dir='ltr'>vir</span> <span class='ocrx_word' id='word_1_92' title='bbox 141 1831 211 1894; x_wconf 78' lang='lat' dir='ltr'>Uei</span> <span class='ocrx_word' id='word_1_93' title='bbox 234 1827 439 1894; x_wconf 78' lang='lat' dir='ltr'>Willibaldns</span> <span class='ocrx_word' id='word_1_94' title='bbox 457 1826 557 1917; x_wconf 84' lang='lat' dir='ltr'>oscula</span> <span class='ocrx_word' id='word_1_95' title='bbox 575 1850 633 1894; x_wconf 90' lang='lat' dir='ltr'>nott</span> <span class='ocrx_word' id='word_1_96' title='bbox 651 1823 816 1916; x_wconf 84' lang='lat' dir='ltr'>impreffit?</span> <span class='ocrx_word' id='word_1_97' title='bbox 843 1825 935 1916; x_wconf 72' lang='lat' dir='ltr'>Quod</span> <span class='ocrx_word' id='word_1_98' title='bbox 955 1825 999 1892; x_wconf 82' lang='lat' dir='ltr'>ili</span> <span class='ocrx_word' id='word_1_99' title='bbox 1016 1824 1115 1893; x_wconf 89' lang='lat' dir='ltr'>altare</span> 
     </span>
     <span class='ocr_line' id='line_1_14' title="bbox 74 1933 1115 2025; baseline -0.002 -25"><span class='ocrx_word' id='word_1_100' title='bbox 74 1936 222 2002; x_wconf 81' lang='lat' dir='ltr'>lacrimis</span> <span class='ocrx_word' id='word_1_101' title='bbox 238 1933 269 2000; x_wconf 67' lang='lat' dir='ltr'>fe</span> <span class='ocrx_word' id='word_1_102' title='bbox 286 1936 446 2024; x_wconf 83' lang='lat' dir='ltr'>gemitibus</span> <span class='ocrx_word' id='word_1_103' title='bbox 462 1959 520 2001; x_wconf 90' lang='lat' dir='ltr'>non</span> <span class='ocrx_word' id='word_1_104' title='bbox 536 1934 704 2024; x_wconf 79' lang='lat' dir='ltr'>perfudit?</span> <span class='ocrx_word' id='word_1_105' title='bbox 733 1934 854 2025; x_wconf 76' lang='lat' dir='ltr'>Quanta</span> <span class='ocrx_word' id='word_1_106' title='bbox 884 1936 929 2002; x_wconf 85' lang='lat' dir='ltr'>ibi</span> <span class='ocrx_word' id='word_1_107' title='bbox 958 1933 1115 2000; x_wconf 82' lang='lat' dir='ltr'>deuotione</span> 
     </span>
     <span class='ocr_line' id='line_1_15' title="bbox 77 2039 1114 2130; baseline -0.002 -23"><span class='ocrx_word' id='word_1_108' title='bbox 77 2045 176 2109; x_wconf 84' lang='lat' dir='ltr'>iacuit</span> <span class='ocrx_word' id='word_1_109' title='bbox 189 2064 260 2108; x_wconf 87' lang='lat' dir='ltr'>ante</span> <span class='ocrx_word' id='word_1_110' title='bbox 276 2042 456 2107; x_wconf 81' lang='lat' dir='ltr'>dominicam</span> <span class='ocrx_word' id='word_1_111' title='bbox 473 2064 587 2107; x_wconf 90' lang='lat' dir='ltr'>crucem</span> <span class='ocrx_word' id='word_1_112' title='bbox 606 2040 715 2106; x_wconf 85' lang='lat' dir='ltr'>mundo</span> <span class='ocrx_word' id='word_1_113' title='bbox 731 2042 916 2127; x_wconf 81' lang='lat' dir='ltr'>crucifixus?</span> <span class='ocrx_word' id='word_1_114' title='bbox 935 2039 1032 2130; x_wconf 76' lang='lat' dir='ltr'>Qum</span> <span class='ocrx_word' id='word_1_115' title='bbox 1049 2060 1114 2106; x_wconf 88' lang='lat' dir='ltr'>tor·</span> 
     </span>
     <span class='ocr_line' id='line_1_16' title="bbox 75 2145 1115 2236; baseline 0 -22"><span class='ocrx_word' id='word_1_116' title='bbox 75 2149 145 2214; x_wconf 89' lang='lat' dir='ltr'>rido</span> <span class='ocrx_word' id='word_1_117' title='bbox 164 2147 361 2214; x_wconf 85' lang='lat' dir='ltr'>lacrimarum</span> <span class='ocrx_word' id='word_1_118' title='bbox 371 2147 468 2235; x_wconf 72' lang='lat' dir='ltr'>fluvio</span> <span class='ocrx_word' id='word_1_119' title='bbox 483 2146 623 2236; x_wconf 85' lang='lat' dir='ltr'>perfudit</span> <span class='ocrx_word' id='word_1_120' title='bbox 641 2145 787 2236; x_wconf 87' lang='lat' dir='ltr'>lapidem,</span> <span class='ocrx_word' id='word_1_121' title='bbox 802 2173 886 2236; x_wconf 87' lang='lat' dir='ltr'>quem</span> <span class='ocrx_word' id='word_1_122' title='bbox 905 2149 940 2214; x_wconf 78' lang='lat' dir='ltr'>ab</span> <span class='ocrx_word' id='word_1_123' title='bbox 960 2150 1034 2236; x_wconf 80' lang='lat' dir='ltr'>ostio</span> <span class='ocrx_word' id='word_1_124' title='bbox 1052 2171 1115 2214; x_wconf 86' lang='lat' dir='ltr'>rno-</span> 
     </span>
     <span class='ocr_line' id='line_1_17' title="bbox 78 2246 1114 2344; baseline -0.002 -22"><span class='ocrx_word' id='word_1_125' title='bbox 78 2259 215 2322; x_wconf 81' lang='lat' dir='ltr'>nomenti</span> <span class='ocrx_word' id='word_1_126' title='bbox 229 2257 355 2321; x_wconf 87' lang='lat' dir='ltr'>removit</span> <span class='ocrx_word' id='word_1_127' title='bbox 372 2252 519 2344; x_wconf 82' lang='lat' dir='ltr'>angelus?</span> <span class='ocrx_word' id='word_1_128' title='bbox 537 2250 598 2318; x_wconf 80' lang='lat' dir='ltr'>Sex</span> <span class='ocrx_word' id='word_1_129' title='bbox 609 2247 655 2319; x_wconf 88' lang='lat' dir='ltr'>ibi</span> <span class='ocrx_word' id='word_1_130' title='bbox 667 2246 930 2320; x_wconf 85' lang='lat' dir='ltr'>hebdomadibus</span> <span class='ocrx_word' id='word_1_131' title='bbox 943 2250 1114 2344; x_wconf 81' lang='lat' dir='ltr'>graviffimo</span> 
     </span>
     <span class='ocr_line' id='line_1_18' title="bbox 78 2357 1113 2450; baseline -0.004 -22"><span class='ocrx_word' id='word_1_132' title='bbox 78 2360 219 2428; x_wconf 82' lang='lat' dir='ltr'>irretitus</span> <span class='ocrx_word' id='word_1_133' title='bbox 240 2361 386 2450; x_wconf 86' lang='lat' dir='ltr'>languore</span> <span class='ocrx_word' id='word_1_134' title='bbox 410 2359 610 2442; x_wconf 78' lang='lat' dir='ltr'>cruciabatur,</span> <span class='ocrx_word' id='word_1_135' title='bbox 627 2359 736 2449; x_wconf 75' lang='lat' dir='ltr'>sanila</span> <span class='ocrx_word' id='word_1_136' title='bbox 761 2383 859 2426; x_wconf 91' lang='lat' dir='ltr'>tamen</span> <span class='ocrx_word' id='word_1_137' title='bbox 881 2363 1008 2427; x_wconf 88' lang='lat' dir='ltr'>circuire</span> <span class='ocrx_word' id='word_1_138' title='bbox 1035 2357 1113 2444; x_wconf 86' lang='lat' dir='ltr'>loca,</span> 
     </span>
     <span class='ocr_line' id='line_1_19' title="bbox 73 2465 1116 2559; baseline 0 -25"><span class='ocrx_word' id='word_1_139' title='bbox 73 2469 176 2558; x_wconf 75' lang='lat' dir='ltr'>fludio</span> <span class='ocrx_word' id='word_1_140' title='bbox 201 2468 333 2535; x_wconf 77' lang='lat' dir='ltr'>laborem</span> <span class='ocrx_word' id='word_1_141' title='bbox 350 2466 497 2556; x_wconf 81' lang='lat' dir='ltr'>fallente,</span> <span class='ocrx_word' id='word_1_142' title='bbox 526 2491 584 2534; x_wconf 90' lang='lat' dir='ltr'>nort</span> <span class='ocrx_word' id='word_1_143' title='bbox 613 2467 807 2557; x_wconf 80' lang='lat' dir='ltr'>gravabatur.</span> <span class='ocrx_word' id='word_1_144' title='bbox 840 2468 963 2559; x_wconf 73' lang='lat' dir='ltr'>Quanto</span> <span class='ocrx_word' id='word_1_145' title='bbox 994 2465 1116 2534; x_wconf 83' lang='lat' dir='ltr'>videndi</span> 
     </span>
     <span class='ocr_line' id='line_1_20' title="bbox 80 2570 1269 2666; baseline 0.001 -26"><span class='ocrx_word' id='word_1_146' title='bbox 80 2577 179 2642; x_wconf 74' lang='lat' dir='ltr'>Deum</span> <span class='ocrx_word' id='word_1_147' title='bbox 206 2578 342 2642; x_wconf 77' lang='lat' dir='ltr'>Deorum</span> <span class='ocrx_word' id='word_1_148' title='bbox 363 2577 394 2638; x_wconf 88' lang='lat' dir='ltr'>in</span> <span class='ocrx_word' id='word_1_149' title='bbox 421 2574 498 2640; x_wconf 80' lang='lat' dir='ltr'>Sion</span> <span class='ocrx_word' id='word_1_150' title='bbox 524 2573 669 2665; x_wconf 81' lang='lat' dir='ltr'>defiderio</span> <span class='ocrx_word' id='word_1_151' title='bbox 688 2573 838 2666; x_wconf 81' lang='lat' dir='ltr'>ecclefiam</span> <span class='ocrx_word' id='word_1_152' title='bbox 862 2577 973 2640; x_wconf 88' lang='lat' dir='ltr'>montis</span> <span class='ocrx_word' id='word_1_153' title='bbox 987 2574 1063 2640; x_wconf 84' lang='lat' dir='ltr'>Sion</span> <span class='ocrx_word' id='word_1_154' title='bbox 1081 2570 1114 2640; x_wconf 91' lang='lat' dir='ltr'>in</span> <span class='ocrx_word' id='word_1_155' title='bbox 1127 2591 1269 2640; x_wconf 64' lang='grc' dir='ltr'>Μιιιιιιιι,</span> 
     </span>
     <span class='ocr_line' id='line_1_21' title="bbox 79 2676 1115 2770; baseline -0.003 -22"><span class='ocrx_word' id='word_1_156' title='bbox 79 2677 192 2748; x_wconf 87' lang='lat' dir='ltr'>medio</span> <span class='ocrx_word' id='word_1_157' title='bbox 210 2682 294 2748; x_wconf 86' lang='lat' dir='ltr'>urlt&#39;s</span> <span class='ocrx_word' id='word_1_158' title='bbox 311 2676 402 2746; x_wconf 81' lang='lat' dir='ltr'>fitam</span> <span class='ocrx_word' id='word_1_159' title='bbox 419 2679 507 2768; x_wconf 87' lang='lat' dir='ltr'>adiit,</span> <span class='ocrx_word' id='word_1_160' title='bbox 527 2704 614 2770; x_wconf 86' lang='lat' dir='ltr'>quam</span> <span class='ocrx_word' id='word_1_161' title='bbox 632 2681 738 2747; x_wconf 83' lang='lat' dir='ltr'>devote</span> <span class='ocrx_word' id='word_1_162' title='bbox 754 2685 926 2768; x_wconf 78' lang='lat' dir='ltr'>transtatum</span> <span class='ocrx_word' id='word_1_163' title='bbox 944 2677 1020 2746; x_wconf 87' lang='lat' dir='ltr'>illuc</span> <span class='ocrx_word' id='word_1_164' title='bbox 1036 2679 1115 2770; x_wconf 89' lang='lat' dir='ltr'>eius·</span> 
     </span>
     <span class='ocr_line' id='line_1_22' title="bbox 80 2784 1114 2879; baseline 0 -27"><span class='ocrx_word' id='word_1_165' title='bbox 80 2789 144 2854; x_wconf 85' lang='lat' dir='ltr'>dem</span> <span class='ocrx_word' id='word_1_166' title='bbox 161 2787 265 2879; x_wconf 76' lang='lat' dir='ltr'>eccles</span> <span class='ocrx_word' id='word_1_167' title='bbox 265 2812 281 2852; x_wconf 91' lang='lat' dir='ltr'>e</span> <span class='ocrx_word' id='word_1_168' title='bbox 296 2787 540 2854; x_wconf 76' lang='lat' dir='ltr'>archidiaconum</span> <span class='ocrx_word' id='word_1_169' title='bbox 555 2784 586 2852; x_wconf 63' lang='lat' dir='ltr'>a</span> <span class='ocrx_word' id='word_1_170' title='bbox 592 2808 845 2877; x_wconf 66' lang='lat' dir='ltr'>protomartyrem</span> <span class='ocrx_word' id='word_1_171' title='bbox 856 2787 1039 2878; x_wconf 76' lang='lat' dir='ltr'>Stephanum</span> <span class='ocrx_word' id='word_1_172' title='bbox 1056 2791 1114 2852; x_wconf 90' lang='lat' dir='ltr'>irn-</span> 
     </span>
     <span class='ocr_line' id='line_1_23' title="bbox 79 2896 242 2986; baseline -0.012 -24"><span class='ocrx_word' id='word_1_173' title='bbox 79 2896 242 2986; x_wconf 78' lang='lat' dir='ltr'>ploravit?</span> 
     </span>
    </p>

    <p class='ocr_par' dir='ltr' id='par_1_4' title="bbox 76 2992 1320 3734">
     <span class='ocr_line' id='line_1_24' title="bbox 128 2992 1320 3094; baseline -0.006 -24"><span class='ocrx_word' id='word_1_174' title='bbox 128 3000 180 3070; x_wconf 89' lang='lat' dir='ltr'>Xl.</span> <span class='ocrx_word' id='word_1_175' title='bbox 206 2995 321 3094; x_wconf 80' lang='lat' dir='ltr'>Egteffi</span> <span class='ocrx_word' id='word_1_176' title='bbox 348 2995 482 3068; x_wconf 86' lang='lat' dir='ltr'>demum</span> <span class='ocrx_word' id='word_1_177' title='bbox 507 2997 643 3068; x_wconf 88' lang='lat' dir='ltr'>veniunt</span> <span class='ocrx_word' id='word_1_178' title='bbox 668 2999 702 3066; x_wconf 90' lang='lat' dir='ltr'>in</span> <span class='ocrx_word' id='word_1_179' title='bbox 729 3000 843 3066; x_wconf 83' lang='lat' dir='ltr'>vallem</span> <span class='ocrx_word' id='word_1_180' title='bbox 877 2995 1030 3090; x_wconf 84' lang='lat' dir='ltr'>losapltat,</span> <span class='ocrx_word' id='word_1_181' title='bbox 1058 2992 1113 3066; x_wconf 87' lang='lat' dir='ltr'>ubi</span> <span class='ocrx_word' id='word_1_182' title='bbox 1127 3017 1163 3062; x_wconf 82' lang='grc' dir='ltr'>νι</span> <span class='ocrx_word' id='word_1_183' title='bbox 1164 3015 1237 3064; x_wconf 85' lang='grc' dir='ltr'>ιιιιι</span> <span class='ocrx_word' id='word_1_184' title='bbox 1181 3015 1320 3080; x_wconf 70' lang='grc' dir='ltr'>ιιιιιιιιι,</span> 
     </span>
     <span class='ocr_line' id='line_1_25' title="bbox 77 3103 1114 3202; baseline -0.002 -28"><span class='ocrx_word' id='word_1_185' title='bbox 77 3108 246 3202; x_wconf 75' lang='lat' dir='ltr'>sepulcrum</span> <span class='ocrx_word' id='word_1_186' title='bbox 267 3107 374 3195; x_wconf 72' lang='lat' dir='ltr'>sandle</span> <span class='ocrx_word' id='word_1_187' title='bbox 399 3106 516 3174; x_wconf 70' lang='lat' dir='ltr'>marre</span> <span class='ocrx_word' id='word_1_188' title='bbox 546 3103 750 3174; x_wconf 86' lang='lat' dir='ltr'>monstratur.</span> <span class='ocrx_word' id='word_1_189' title='bbox 779 3108 841 3173; x_wconf 84' lang='lat' dir='ltr'>Sed</span> <span class='ocrx_word' id='word_1_190' title='bbox 866 3129 963 3172; x_wconf 90' lang='lat' dir='ltr'>utrum</span> <span class='ocrx_word' id='word_1_191' title='bbox 986 3103 1114 3198; x_wconf 82' lang='lat' dir='ltr'>apostoli</span> 
     </span>
     <span class='ocr_line' id='line_1_26' title="bbox 83 3213 1113 3306; baseline -0.003 -24"><span class='ocrx_word' id='word_1_192' title='bbox 83 3241 156 3298; x_wconf 86' lang='lat' dir='ltr'>eam,</span> <span class='ocrx_word' id='word_1_193' title='bbox 181 3213 292 3281; x_wconf 70' lang='lat' dir='ltr'>relillo</span> <span class='ocrx_word' id='word_1_194' title='bbox 316 3216 367 3280; x_wconf 85' lang='lat' dir='ltr'>ltic</span> <span class='ocrx_word' id='word_1_195' title='bbox 391 3237 514 3304; x_wconf 84' lang='lat' dir='ltr'>corpore</span> <span class='ocrx_word' id='word_1_196' title='bbox 523 3213 670 3303; x_wconf 82' lang='lat' dir='ltr'>solutam,</span> <span class='ocrx_word' id='word_1_197' title='bbox 698 3215 743 3280; x_wconf 83' lang='lat' dir='ltr'>ilri</span> <span class='ocrx_word' id='word_1_198' title='bbox 751 3213 946 3306; x_wconf 78' lang='lat' dir='ltr'>sepelierint,</span> <span class='ocrx_word' id='word_1_199' title='bbox 973 3238 1010 3280; x_wconf 89' lang='lat' dir='ltr'>an</span> <span class='ocrx_word' id='word_1_200' title='bbox 1025 3216 1113 3302; x_wconf 86' lang='lat' dir='ltr'>forre</span> 
     </span>
     <span class='ocr_line' id='line_1_27' title="bbox 76 3313 1112 3413; baseline -0.002 -25"><span class='ocrx_word' id='word_1_201' title='bbox 76 3322 206 3412; x_wconf 72' lang='lat' dir='ltr'>sepelire</span> <span class='ocrx_word' id='word_1_202' title='bbox 222 3345 288 3387; x_wconf 92' lang='lat' dir='ltr'>eam</span> <span class='ocrx_word' id='word_1_203' title='bbox 304 3321 527 3408; x_wconf 61' lang='lat' dir='ltr'>dejlinuntibtan</span> <span class='ocrx_word' id='word_1_204' title='bbox 545 3325 614 3412; x_wconf 78' lang='lat' dir='ltr'>post</span> <span class='ocrx_word' id='word_1_205' title='bbox 630 3320 765 3410; x_wconf 78' lang='lat' dir='ltr'>effoffum</span> <span class='ocrx_word' id='word_1_206' title='bbox 782 3323 827 3388; x_wconf 80' lang='lat' dir='ltr'>ilri</span> <span class='ocrx_word' id='word_1_207' title='bbox 840 3313 1027 3413; x_wconf 81' lang='lat' dir='ltr'>sepulcrum,</span> <span class='ocrx_word' id='word_1_208' title='bbox 1045 3320 1112 3411; x_wconf 78' lang='lat' dir='ltr'>ipsa</span> 
     </span>
     <span class='ocr_line' id='line_1_28' title="bbox 82 3426 1111 3520; baseline -0.002 -26"><span class='ocrx_word' id='word_1_209' title='bbox 82 3433 116 3519; x_wconf 74' lang='lat' dir='ltr'>fit</span> <span class='ocrx_word' id='word_1_210' title='bbox 131 3454 195 3495; x_wconf 89' lang='lat' dir='ltr'>cum</span> <span class='ocrx_word' id='word_1_211' title='bbox 218 3450 345 3518; x_wconf 81' lang='lat' dir='ltr'>corpore</span> <span class='ocrx_word' id='word_1_212' title='bbox 361 3426 494 3516; x_wconf 74' lang='lat' dir='ltr'>affunua,</span> <span class='ocrx_word' id='word_1_213' title='bbox 518 3428 565 3494; x_wconf 81' lang='lat' dir='ltr'>rel</span> <span class='ocrx_word' id='word_1_214' title='bbox 581 3433 611 3520; x_wconf 80' lang='lat' dir='ltr'><strong><em>fi</em></strong></span> <span class='ocrx_word' id='word_1_215' title='bbox 618 3427 744 3519; x_wconf 84' lang='lat' dir='ltr'>sepulta</span> <span class='ocrx_word' id='word_1_216' title='bbox 769 3429 814 3494; x_wconf 86' lang='lat' dir='ltr'>ili</span> <span class='ocrx_word' id='word_1_217' title='bbox 830 3427 981 3511; x_wconf 86' lang='lat' dir='ltr'>conditur,</span> <span class='ocrx_word' id='word_1_218' title='bbox 1014 3449 1111 3494; x_wconf 85' lang='lat' dir='ltr'>utrum</span> 
     </span>
     <span class='ocr_line' id='line_1_29' title="bbox 86 3531 1112 3627; baseline -0.001 -28"><span class='ocrx_word' id='word_1_219' title='bbox 86 3535 151 3600; x_wconf 88' lang='lat' dir='ltr'>inde</span> <span class='ocrx_word' id='word_1_220' title='bbox 165 3534 290 3626; x_wconf 75' lang='lat' dir='ltr'>sublata</span> <span class='ocrx_word' id='word_1_221' title='bbox 317 3531 348 3598; x_wconf 69' lang='lat' dir='ltr'>dr</span> <span class='ocrx_word' id='word_1_222' title='bbox 372 3533 454 3600; x_wconf 85' lang='lat' dir='ltr'>alias</span> <span class='ocrx_word' id='word_1_223' title='bbox 478 3535 651 3625; x_wconf 84' lang='lat' dir='ltr'>transpofiea</span> <span class='ocrx_word' id='word_1_224' title='bbox 668 3541 722 3627; x_wconf 80' lang='lat' dir='ltr'>fir,</span> <span class='ocrx_word' id='word_1_225' title='bbox 749 3559 788 3600; x_wconf 88' lang='lat' dir='ltr'>an</span> <span class='ocrx_word' id='word_1_226' title='bbox 811 3557 929 3626; x_wconf 89' lang='lat' dir='ltr'>recepta</span> <span class='ocrx_word' id='word_1_227' title='bbox 955 3557 1024 3600; x_wconf 85' lang='lat' dir='ltr'>nera</span> <span class='ocrx_word' id='word_1_228' title='bbox 1054 3537 1112 3600; x_wconf 90' lang='lat' dir='ltr'>im·</span> 
     </span>
     <span class='ocr_line' id='line_1_30' title="bbox 86 3637 1113 3734; baseline 0.003 -31"><span class='ocrx_word' id='word_1_229' title='bbox 86 3642 266 3708; x_wconf 87' lang='lat' dir='ltr'>mortalitate</span> <span class='ocrx_word' id='word_1_230' title='bbox 297 3643 502 3734; x_wconf 73' lang='lat' dir='ltr'>restituereris,</span> <span class='ocrx_word' id='word_1_231' title='bbox 535 3641 646 3708; x_wconf 82' lang='lat' dir='ltr'>melius</span> <span class='ocrx_word' id='word_1_232' title='bbox 676 3642 841 3725; x_wconf 76' lang='lat' dir='ltr'>dulicaria,</span> <span class='ocrx_word' id='word_1_233' title='bbox 876 3665 964 3730; x_wconf 85' lang='lat' dir='ltr'>quarn</span> <span class='ocrx_word' id='word_1_234' title='bbox 993 3637 1113 3728; x_wconf 65' lang='lat' dir='ltr'>allarici</span> 
     </span>
    </p>
   </div>
   <div class='ocr_carea' id='block_1_4' title="bbox 87 3742 1111 3842">
    <p class='ocr_par' dir='ltr' id='par_1_5' title="bbox 87 3742 1111 3842">
     <span class='ocr_line' id='line_1_31' title="bbox 87 3742 1111 3842; baseline 0.003 -31"><span class='ocrx_word' id='word_1_235' title='bbox 87 3747 151 3812; x_wconf 90' lang='lat' dir='ltr'>inde</span> <span class='ocrx_word' id='word_1_236' title='bbox 174 3752 371 3839; x_wconf 74' lang='lat' dir='ltr'>apocryphum</span> <span class='ocrx_word' id='word_1_237' title='bbox 401 3749 571 3836; x_wconf 78' lang='lat' dir='ltr'>definiam.</span> <span class='ocrx_word' id='word_1_238' title='bbox 607 3742 776 3842; x_wconf 73' lang='lat' dir='ltr'>Digtellos</span> <span class='ocrx_word' id='word_1_239' title='bbox 806 3744 883 3816; x_wconf 87' lang='lat' dir='ltr'>inde</span> <span class='ocrx_word' id='word_1_240' title='bbox 912 3745 1027 3840; x_wconf 79' lang='lat' dir='ltr'>recipit</span> <span class='ocrx_word' id='word_1_241' title='bbox 1054 3769 1111 3814; x_wconf 79' lang='grc' dir='ltr'>ιόι</span> 
     </span>
    </p>
   </div>
   <div class='ocr_carea' id='block_1_5' title="bbox 87 3849 1311 4376">
    <p class='ocr_par' dir='ltr' id='par_1_6' title="bbox 87 3849 1311 4376">
     <span class='ocr_line' id='line_1_32' title="bbox 87 3849 1311 3949; baseline 0.008 -33"><span class='ocrx_word' id='word_1_242' title='bbox 87 3877 165 3920; x_wconf 88' lang='lat' dir='ltr'>mans</span> <span class='ocrx_word' id='word_1_243' title='bbox 190 3855 318 3940; x_wconf 86' lang='lat' dir='ltr'>Olireri,</span> <span class='ocrx_word' id='word_1_244' title='bbox 344 3849 504 3949; x_wconf 70' lang='lat' dir='ltr'>ingr-ellos</span> <span class='ocrx_word' id='word_1_245' title='bbox 524 3855 672 3947; x_wconf 75' lang='lat' dir='ltr'>eeclefiam</span> <span class='ocrx_word' id='word_1_246' title='bbox 693 3851 832 3948; x_wconf 85' lang='lat' dir='ltr'>desuper</span> <span class='ocrx_word' id='word_1_247' title='bbox 854 3851 1001 3948; x_wconf 80' lang='lat' dir='ltr'>patulam</span> <span class='ocrx_word' id='word_1_248' title='bbox 1025 3851 1061 3920; x_wconf 76' lang='grc' dir='ltr'>ἀ</span> <span class='ocrx_word' id='word_1_249' title='bbox 1076 3851 1110 3920; x_wconf 92' lang='lat' dir='ltr'>in</span> <span class='ocrx_word' id='word_1_250' title='bbox 1124 3875 1311 3926; x_wconf 72' lang='grc' dir='ltr'>ιιιιιιιιιιιι</span> 
     </span>
     <span class='ocr_line' id='line_1_33' title="bbox 87 3953 1112 4052; baseline 0.004 -28"><span class='ocrx_word' id='word_1_251' title='bbox 87 3953 158 4026; x_wconf 91' lang='lat' dir='ltr'>loco</span> <span class='ocrx_word' id='word_1_252' title='bbox 179 3958 348 4030; x_wconf 88' lang='lat' dir='ltr'>dominice</span> <span class='ocrx_word' id='word_1_253' title='bbox 373 3957 566 4030; x_wconf 76' lang='lat' dir='ltr'>ascenlionis</span> <span class='ocrx_word' id='word_1_254' title='bbox 590 3985 681 4052; x_wconf 81' lang='lat' dir='ltr'>opera</span> <span class='ocrx_word' id='word_1_255' title='bbox 703 3961 819 4028; x_wconf 82' lang='lat' dir='ltr'>Helene</span> <span class='ocrx_word' id='word_1_256' title='bbox 840 3965 946 4052; x_wconf 80' lang='lat' dir='ltr'>regine</span> <span class='ocrx_word' id='word_1_257' title='bbox 965 3964 1112 4048; x_wconf 80' lang='lat' dir='ltr'>construc-</span> 
     </span>
     <span class='ocr_line' id='line_1_34' title="bbox 88 4064 1111 4164; baseline 0.005 -35"><span class='ocrx_word' id='word_1_258' title='bbox 88 4088 152 4132; x_wconf 88' lang='lat' dir='ltr'>tam.</span> <span class='ocrx_word' id='word_1_259' title='bbox 180 4067 303 4136; x_wconf 54' lang='lat' dir='ltr'>laomim</span> <span class='ocrx_word' id='word_1_260' title='bbox 330 4092 411 4164; x_wconf 86' lang='lat' dir='ltr'>ergo</span> <span class='ocrx_word' id='word_1_261' title='bbox 436 4067 537 4156; x_wconf 85' lang='lat' dir='ltr'>hunc,</span> <span class='ocrx_word' id='word_1_262' title='bbox 570 4067 605 4134; x_wconf 88' lang='lat' dir='ltr'>in</span> <span class='ocrx_word' id='word_1_263' title='bbox 636 4090 705 4160; x_wconf 92' lang='lat' dir='ltr'>quo</span> <span class='ocrx_word' id='word_1_264' title='bbox 728 4067 893 4135; x_wconf 72' lang='lat' dir='ltr'>Dominus</span> <span class='ocrx_word' id='word_1_265' title='bbox 918 4065 951 4136; x_wconf 89' lang='lat' dir='ltr'>in</span> <span class='ocrx_word' id='word_1_266' title='bbox 975 4065 1044 4160; x_wconf 84' lang='lat' dir='ltr'>ipsa</span> <span class='ocrx_word' id='word_1_267' title='bbox 1064 4064 1111 4134; x_wconf 83' lang='lat' dir='ltr'>al·</span> 
     </span>
     <span class='ocr_line' id='line_1_35' title="bbox 89 4170 1109 4270; baseline 0.004 -34"><span class='ocrx_word' id='word_1_268' title='bbox 89 4170 240 4246; x_wconf 71' lang='lat' dir='ltr'>censionis</span> <span class='ocrx_word' id='word_1_269' title='bbox 256 4173 311 4242; x_wconf 81' lang='lat' dir='ltr'>lue</span> <span class='ocrx_word' id='word_1_270' title='bbox 323 4173 415 4262; x_wconf 79' lang='lat' dir='ltr'>hora,</span> <span class='ocrx_word' id='word_1_271' title='bbox 431 4170 620 4270; x_wconf 73' lang='lat' dir='ltr'>stipantibus</span> <span class='ocrx_word' id='word_1_272' title='bbox 636 4171 811 4268; x_wconf 69' lang='lat' dir='ltr'>discipulis,</span> <span class='ocrx_word' id='word_1_273' title='bbox 823 4172 952 4242; x_wconf 80' lang='lat' dir='ltr'>steterat</span> <span class='ocrx_word' id='word_1_274' title='bbox 966 4173 1002 4241; x_wconf 75' lang='grc' dir='ltr'>ἀ</span> <span class='ocrx_word' id='word_1_275' title='bbox 1020 4173 1109 4258; x_wconf 79' lang='lat' dir='ltr'>unde,</span> 
     </span>
     <span class='ocr_line' id='line_1_36' title="bbox 90 4279 1110 4376; baseline 0.004 -32"><span class='ocrx_word' id='word_1_276' title='bbox 90 4279 206 4350; x_wconf 85' lang='lat' dir='ltr'>eleuatis</span> <span class='ocrx_word' id='word_1_277' title='bbox 232 4284 377 4367; x_wconf 71' lang='lat' dir='ltr'>mnas,</span> <span class='ocrx_word' id='word_1_278' title='bbox 401 4287 607 4376; x_wconf 66' lang='lat' dir='ltr'>captiruaeu</span> <span class='ocrx_word' id='word_1_279' title='bbox 634 4285 761 4370; x_wconf 76' lang='lat' dir='ltr'>nostram</span> <span class='ocrx_word' id='word_1_280' title='bbox 784 4285 817 4348; x_wconf 90' lang='grc' dir='ltr'>ἰιι</span> <span class='ocrx_word' id='word_1_281' title='bbox 841 4281 936 4350; x_wconf 87' lang='lat' dir='ltr'>celum</span> <span class='ocrx_word' id='word_1_282' title='bbox 960 4283 1110 4372; x_wconf 82' lang='lat' dir='ltr'>captivum</span> 
     </span>
    </p>
   </div>
   <div class='ocr_carea' id='block_1_6' title="bbox 0 0 1676 5700">
    <p class='ocr_par' dir='ltr' id='par_1_7' title="bbox 0 0 1676 5700">
     <span class='ocr_line' id='line_1_37' title="bbox 0 0 1676 5700; baseline 0 0"><span class='ocrx_word' id='word_1_283' title='bbox 0 0 1676 5700; x_wconf 95' lang='lat' dir='ltr'> </span> 
     </span>
    </p>
   </div>
  </div>
 </body>
</html>
