3296 5700
422 549 473 601 DE
497 547 602 600 Locls
626 547 794 600 SANCTIS.
1055 550 1124 631 239

75 785 259 833 remanent.
276 770 369 834 Hunc
385 769 489 832 locum
503 769 644 852 Armenij
661 769 775 831 exitum
790 768 839 831 vel
853 765 1000 852 egressum
1015 785 1128 832 vocant

77 875 167 922 trans
184 855 362 939 Iordanem,
377 859 406 922 id
428 858 485 920 est«¹
501 857 597 935 locus,
611 858 693 920 bunc
707 857 806 920 ultral
820 880 889 921 area
903 879 988 937 orne,
1006 861 1066 922 hoc
1085 859 1127 922 est

80 947 296 1010 Hierusalem.
311 947 447 1026 Arielid
458 945 501 1009 est
513 947 715 1026 Hierusalem,
724 946 782 1010 sive
796 947 946 1030 templum
959 947 1125 1010 sacrificare

76 1035 144 1098 hoc
171 1034 218 1098 est
241 1037 363 1100 leonem
386 1035 459 1114 Dei,
489 1034 572 1119 quod
597 1035 677 1097 sorte
693 1055 827 1118 regnum
849 1033 940 1098 suerit
959 1035 990 1098 tr
1008 1053 1126 1120 potens.

84 1123 196 1203 Helia,
209 1125 239 1188 id
256 1124 298 1188 est
310 1124 511 1202 Hierusalem,
532 1145 591 1208 que
603 1124 640 1186 ab
651 1123 722 1186 Elio
734 1124 873 1186 Adriano
886 1124 976 1188 Helia
990 1143 1127 1189 vocatur.

81 1214 157 1278 Nec
186 1215 305 1277 moveri
327 1214 417 1277 debet
441 1214 628 1298 quempiam,
651 1209 673 1274 st
698 1213 850 1276 interdum
875 1215 1013 1277 civitates
1036 1212 1128 1278 ludec

90 1303 245 1365 easdemd
259 1303 288 1365 in
309 1303 389 1364 tribu
405 1302 556 1365 Simeonis
577 1301 635 1364 five
651 1301 810 1364 Beniamin
832 1303 990 1384 repperiat.
1009 1303 1128 1369 Tribus

82 1406 194 1453 autem
208 1387 287 1452 Iuda
308 1389 534 1454 bellicofiffimis
549 1392 621 1454 viris
641 1388 760 1472 pollens
776 1390 805 1453 dt
819 1391 929 1453 crebro
944 1392 1127 1457 adversarios

83 1478 236 1562 superans
258 1480 287 1542 in
311 1481 455 1544 omnibus
477 1479 615 1542 tribubus
640 1480 845 1562 principatum
871 1481 977 1542 tenuit.
1002 1479 1054 1544 De
1073 1505 1128 1544 eu·

82 1569 192 1629 nucho
218 1589 236 1630 a
258 1563 402 1650 Philippo
427 1568 582 1650 baptizato
606 1565 745 1650 apostolo
770 1568 800 1629 in
825 1567 928 1652 aliquo
944 1569 1027 1632 fonte
1043 1570 1127 1632 iuxta

87 1656 228 1725 radicem
252 1658 365 1720 montis
381 1656 530 1720 Chebron
552 1655 594 1718 est
605 1655 741 1719 consueti
762 1658 856 1721 moris
876 1659 958 1741 gigni
974 1679 991 1720 a
1006 1659 1127 1721 terra&

83 1745 123 1806 ab
134 1744 311 1808 eaabsorbi.
324 1743 396 1808 Due
408 1745 545 1806 civitates
553 1765 615 1806 uno
627 1761 734 1808 vocate
747 1748 871 1808 nomine
883 1745 1031 1826 Betleem,
1042 1747 1071 1810 id
1084 1748 1127 1810 est

86 1834 117 1896 in
132 1834 218 1896 tribu
234 1834 379 1898 Zabulon
395 1833 425 1896 dr
446 1833 541 1895 altera
555 1830 639 1896 lude.
656 1832 848 1897 Machamim
870 1837 976 1899 civitas
991 1836 1039 1899 vel
1055 1837 1125 1900 urbs

86 1922 169 1985 unde
183 1924 292 2002 homo,
307 1921 420 1986 scilicet
432 1921 572 1985 Naaman
584 1921 676 2004 Syrus
690 1923 727 1984 ad
740 1923 923 2005 prophetam
933 1945 1005 1986 cum
1019 1946 1128 1988 mune·

89 2013 171 2076 ribus
185 2012 238 2075 sua
250 2033 307 2094 pro
318 2010 441 2074 sanitate
455 2032 473 2072 a
484 2009 578 2095 lepra,
590 2009 743 2074 indicante
754 2011 805 2074 sibi
817 2010 868 2073 sua
877 2011 1001 2074 Hebrea
1014 2012 1125 2077 ancilla

89 2100 160 2181 lilia,
171 2103 261 2164 venit
274 2100 311 2163 ad
327 2098 493 2163 Heliseum.
509 2097 671 2163 Probatica
685 2099 808 2182 piscina,
826 2101 854 2162 id
871 2098 913 2164 esi
927 2102 1053 2184 pecudis
1067 2124 1127 2185 que

90 2189 243 2254 aduobus
265 2189 413 2270 inrigatur
434 2187 517 2268 rivis,
532 2187 561 2250 id
576 2188 620 2250 est
639 2189 774 2252 bibernis
793 2188 948 2272 &pluviis
967 2190 1127 2274 adimpleri

92 2274 212 2340 solet&
226 2277 362 2341 cruentis
384 2277 470 2360 aquis
491 2275 655 2340 hostiarum
675 2278 707 2340 in
722 2299 757 2340 ea
770 2280 866 2362 gratia
884 2279 1127 2343 emundatarum.

92 2363 252 2444 Camaim,
267 2365 352 2429 idest
365 2365 416 2428 ubi
436 2365 564 2428 domum
587 2362 646 2428 Iob
659 2367 744 2428 iuxta
764 2365 848 2430 fuisse
868 2366 918 2449 alij
935 2367 1058 2430 tradunt
1073 2383 1126 2452 pe'·

92 2454 140 2515 riti
155 2453 311 2517 locorum.
327 2454 420 2518 Sidon
442 2453 497 2533 bis,
511 2454 541 2517 id
562 2454 605 2516 est
619 2455 717 2517 maior
731 2454 761 2518 dr
776 2457 877 2519 minor
891 2457 957 2519 suit
973 2456 1082 2521 Chana
1093 2459 1123 2519 in

91 2541 170 2604 tribu
185 2543 266 2607 Aser
281 2543 332 2605 ubi
343 2543 500 2607 Dominus
514 2541 615 2605 noster
630 2541 807 2607 &Salvator
821 2566 915 2628 aquas
928 2548 1020 2609 vertit
1033 2546 1064 2608 in
1079 2547 1127 2608 vi·

91 2651 174 2710 nurn,
187 2631 272 2694 unde
285 2632 317 2694 δι
326 2630 500 2696 Nathanael
514 2628 766 2696 verusIsrabelita
775 2632 939 2699 Salvatoris
953 2634 1127 2699 testimonio

93 2721 320 2802 comprobatur.
335 2720 475 2784 Torrens
490 2720 628 2800 Cedron,
642 2721 671 2783 id
690 2719 734 2784 est
747 2721 861 2784 flumen
885 2723 969 2786 iuxta
983 2722 1126 2786 Hierusa-

95 2805 154 2868 lem
167 2809 205 2872 ad
218 2808 401 2873 orientalem
411 2809 502 2872 huius
513 2807 633 2892 plagam
649 2810 679 2872 in
695 2808 773 2874 valle
787 2809 928 2893 losapbat
942 2812 972 2874 in
984 2812 1127 2875 Africam

97 2915 222 2961 currens
237 2897 388 2981 dirigitur,
399 2913 433 2960 ut
444 2894 595 2962 Iohannes
607 2898 644 2961 de
654 2921 692 2962 eo
705 2897 828 2962 testatur
838 2898 1027 2982 evangelista.
1038 2899 1128 2963 luxta

96 2980 260 3048 Iordanem
271 3002 379 3049 contra
389 2983 532 3048 Ibericho
545 2987 575 3048 in
587 2987 771 3051 occidentali
780 2987 880 3051 Moab
892 2987 989 3071 plaga.
1002 2987 1129 3072 Moyses

99 3072 195 3136 scribit
203 3073 443 3138 Deuteronimo.
453 3071 596 3139 Eufrates
604 3076 714 3140 fluvius
723 3075 869 3159 Edriopie
879 3077 910 3138 in
922 3075 983 3140 Dei
994 3077 1129 3159 paradiso

100 3161 209 3240 oriens3
220 3183 314 3246 porro
323 3161 663 3229 Sallustiuscertiffimus
672 3165 781 3228 adserit
791 3165 907 3228 auctor.
916 3165 1001 3228 Tam
1011 3165 1131 3249 Tigris,

98 3265 156 3310 tarn
169 3248 312 3314 Eufrates
327 3252 358 3314 in
375 3252 524 3314 Armenia
538 3253 606 3316 sons
623 3275 661 3316 ex
675 3276 738 3336 quo
756 3253 1026 3318 animadvertimus
1041 3253 1129 3317 aliter

99 3335 133 3398 de
148 3335 287 3402 Paradiso
311 3337 340 3402 dt
360 3339 538 3404 fluminibus
561 3340 626 3404 eius
649 3341 890 3426 intelligendum.
910 3339 1082 3422 Eliesseus,e
1097 3343 1125 3404 id

100 3424 139 3486 est
151 3427 277 3490 vallium
291 3429 329 3491 de
343 3449 407 3511 quo
428 3426 499 3491 loco
523 3429 580 3492 fuit
594 3429 761 3513 Cleophas,
784 3433 871 3495 cuius
894 3431 961 3494 adia
989 3431 1130 3495 meminit

101 3511 195 3580 Lucas
211 3515 274 3580 Dei
289 3515 481 3598 evangelista
496 3517 593 3580 Naim
616 3519 645 3581 in
660 3519 747 3584 cuius
770 3519 866 3600 portis
881 3519 1018 3584 Salvator
1031 3519 1129 3583 silium

102 3601 185 3665 vidue
204 3603 364 3683 suscitavit,
377 3603 524 3687 huiusque
547 3627 601 3688 per
615 3623 788 3689 correptam
810 3607 941 3671 litteram
967 3608 1129 3670 nominum

103 3688 163 3753 sunt
176 3691 256 3756 ledia
270 3694 429 3777 principia.
449 3690 570 3756 Exhinc
586 3715 641 3777 per
661 3695 818 3758 extensum
838 3696 973 3780 legamus
994 3695 1130 3760 elemen-

104 3781 188 3844 tums
206 3783 289 3866 quod
314 3803 406 3866 grece
427 3780 548 3862 dicitur,
563 3804 645 3846 nunc
659 3783 777 3848 viculus
800 3786 831 3848 in
856 3783 973 3848 deserto
997 3784 1049 3848 ubi
1069 3785 1129 3849 eris

106 3869 221 3933 metalla
235 3871 450 3934 damnatorum
465 3868 619 3952 suppliciis
633 3871 827 3936 effodiuntur.

137 3955 191 4020 Sed
210 3960 268 4021 hec
282 3960 387 4022 omnia
406 3957 548 4041 prima&
563 3959 663 4022 media
673 3959 864 4046 secundaque
879 3963 909 4025 in
927 3960 1007 4025 libro
1018 3959 1128 4024 Ebrai·

105 4061 201 4107 carum
228 4045 423 4130 questionum
450 4047 480 4110 dv
507 4048 800 4132 interpretacionum
827 4051 990 4113 nominum
1008 4049 1127 4134 plenius

134 4186 156 4222 a.
172 4172 207 4238 B,
222 4175 250 4226 R.
263 4171 338 4226 idem.
362 4203 397 4213 -
422 4174 447 4225 b.
462 4175 489 4227 Ρ.
513 4187 581 4227 trans
643 4175 668 4228 d.
688 4175 714 4228 Ρ.
736 4177 799 4246 deest
818 4177 918 4230 eosdem
941 4176 1073 4246 (easdem).
1093 4207 1128 4217 -

108 4247 230 4306 iordanem
255 4253 289 4306 est
311 4251 378 4306 idern
406 4252 483 4306 locus.
512 4254 581 4308 Hinc
643 4271 665 4306 e.
678 4256 722 4323 ἃς
736 4257 764 4308 li.
778 4257 954 4326 Helyseue-
967 4256 984 4308 i.
1000 4259 1025 4308 P.
1038 4259 1126 4310 Crura

107 4325 170 4382 vltra.
190 4360 223 4370 —
244 4350 266 4386 c.
288 4333 324 4400 B,
339 4333 379 4404 sd,
398 4334 424 4384 P.
440 4333 523 4386 iudee.
546 4363 582 4372 —
640 4333 736 4406 desunt.
822 4333 832 4354 ⁸
