3354 5706
461 585 512 637 DE
537 584 641 639 LOCIS
665 584 829 638 SANCTIS.
1052 587 1115 640 201

137 800 215 874 Hec
231 802 345 901 itaque
360 827 425 901 que
440 803 584 902 superius
601 803 644 877 de
662 803 999 904 Constantinopoleos
1015 800 1071 878 situ
1086 805 1122 876 δι

91 907 305 1002 conditione,
326 915 516 984 necnon&
536 909 578 984 de
598 911 652 984 illa
673 909 816 985 rotunda
832 909 983 1006 ecclesia,
1003 912 1037 984 in
1056 937 1122 1009 qua

89 1015 223 1090 salutare
233 1018 375 1118 Lignum
390 1017 537 1113 habetur,
554 1017 723 1110 dirimunt
738 1023 774 1090 &
790 1043 907 1113 cetera,
925 1045 990 1116 que
1005 1017 1048 1092 ab
1065 1045 1122 1091 ore

90 1123 189 1196 santii
206 1122 384 1198 sacerdotis
396 1125 519 1198 Arculfi
535 1127 658 1200 intente
674 1125 861 1200 didicimus:
880 1127 987 1224 quiin
1004 1124 1121 1199 eadem

92 1223 310 1327 permaxima*
318 1234 459 1306 Romani
467 1235 594 1334 imperii
604 1235 759 1308 civitaten
769 1234 911 1334 paschali
918 1234 1122 1308 solemnitate

92 1339 243 1434 usquead
256 1341 475 1414 Dominicum
486 1339 660 1439 permansit
674 1341 865 1415 natalitium.
884 1343 993 1415 Postea
1005 1341 1123 1414 exinde

93 1446 232 1520 Romam
251 1449 464 1548 appetivit&
481 1451 655 1549 navigavit.

400 1743 454 1816 Vl.
482 1750 532 1814 Ue
548 1770 647 1815 monte
670 1747 813 1816 Vulcano.

140 1920 300 2020 Qedam
317 1921 419 1996 insula
431 1925 466 1994 in
483 1924 565 1995 matri
578 1948 703 2022 magno
717 1921 854 1995 habetur
870 1920 913 1995 ad
928 1922 1121 1996 orientalem

95 2029 232 2129 plagam,
247 2027 448 2102 duodecim‘
462 2029 603 2104 millibus
617 2029 754 2104 aSicilia
771 2028 948 2125 distans,in
966 2056 1031 2128 qua
1042 2031 1122 2104 Vul-

96 2162 189 2210 canus
206 2163 319 2230 mons,
339 2136 428 2235 quast
450 2141 641 2232 tonitruum,
662 2139 739 2210 totis
765 2135 878 2211 diebus
906 2164 946 2210 ac
970 2138 1121 2212 noctibus

97 2246 270 2319 intantum
295 2247 436 2338 intonat,
465 2270 500 2318 ut
519 2245 625 2319 Sicilie
646 2269 730 2318 terra
747 2245 879 2344 longius
903 2243 1008 2345 polita
1031 2247 1122 2319 terri-

97 2350 155 2424 fico
172 2375 314 2424 tremore
329 2349 513 2426 submoveri
529 2376 670 2451 putetur,
686 2350 743 2424 sed
758 2353 866 2451 magis
886 2353 975 2426 sexta
991 2354 1070 2426 feria
1087 2355 1122 2426 δι

98 2456 223 2532 sabbato
244 2460 397 2532 intonare
417 2459 558 2534 videtur:
586 2461 643 2557 qui
664 2461 758 2532 omni
782 2483 943 2556 tempore,
970 2459 1122 2534 noctibus

99 2563 258 2638 flammare
290 2567 495 2660 monstratur,
525 2566 641 2641 diebus
670 2593 749 2642 vero
779 2568 914 2642 fumare.
943 2569 1017 2640 Hec
1041 2565 1122 2638 mihi

99 2673 239 2745 Artulsus
258 2670 411 2745 scribenti
427 2671 471 2746 de
486 2673 606 2747 eodem
618 2674 753 2748 distavit
764 2700 891 2766 monte,
909 2676 966 2772 qui
982 2675 1122 2773 propriis
1255 2675 1260 2688 '

98 2779 181 2851 illum
197 2781 369 2852 oculorum
388 2779 533 2879 adspexit
550 2780 729 2875 obtutibus,
745 2786 845 2856 nodie
861 2781 1049 2882 ignitosum,
1068 2781 1122 2854 die

100 2913 171 2958 vero
195 2889 379 2984 fumosum3
407 2892 474 2962 eius
500 2889 709 2963 tonitrualem
734 2891 879 2962 sonitum
905 2891 1045 2987 propriis
1063 2915 1121 2960 au-

101 2995 175 3172 gust
189 2995 317 3070 audivit
340 2995 515 3092 auditibus,
538 2996 690 3071 inSicilia
709 3023 768 3096 per
791 2996 918 3094 aliquos
943 2995 1121 3093 hospitatus

476 3297 541 3370 Vll.
568 3299 726 3395 Epilogus.

142 3472 287 3549 Obsecro
308 3478 418 3574 itaque
439 3501 516 3568 eos,
539 3477 738 3573 quicumque
763 3473 823 3546 hos
849 3472 962 3547 breves
984 3477 1123 3576 legerint

101 3577 225 3678 libellos,
238 3607 275 3658 ut
290 3610 354 3684 pro
371 3583 491 3656 eodem
508 3583 621 3656 sandio
639 3580 806 3654 sacerdote
823 3583 959 3654 Arculso
976 3581 1121 3658 divinam

102 3709 260 3780 precentur
288 3691 507 3783 clementiam,
530 3691 586 3786 qui
613 3689 675 3761 hec
699 3686 740 3760 de
764 3689 880 3760 sanetis
901 3691 1122 3786 experimenta

101 3791 182 3888 locis,
211 3824 326 3870 eorum
358 3799 591 3895 frequentator,
619 3793 823 3868 libentissime
851 3793 947 3868 nobis
976 3795 1121 3891 disiaviq

103 3924 158 3994 que
181 3903 214 3974 ἃ
237 3931 315 4005 ego,
343 3902 523 4002 quamlibet
541 3905 624 3975 inter
643 3900 821 3974 laboriosas
840 3906 876 3973 &
895 3927 1002 4001 prope
1022 3903 1120 3974 insus-

102 4006 258 4083 tentabiles
273 4035 344 4085 tota
360 4010 414 4083 die
433 4009 580 4107 undique
595 4007 812 4108 conglobatas
829 4007 1036 4082 ecclefiastice
1056 4009 1120 4080 sol·

133 4285 154 4319 t.
167 4272 233 4326 Addo
243 4272 358 4326 diximus.
369 4302 403 4314 -·
415 4274 441 4326 b.
452 4274 492 4340 Be
505 4272 539 4325 al.
552 4271 677 4343 primatie.
694 4301 726 4314 ·-
740 4290 761 4326 c.
775 4275 807 4326 G.
819 4272 879 4341 xiij.

982 4407 1015 4457 2⁶
1045 4449 1047 4452 ,
