3448 5718
477 495 541 566 xliv
885 514 1106 569 eumenum.

478 735 574 796 utrius
584 732 838 818 transcriptionem,
848 755 910 815 qua
920 733 1028 814 quidem
1039 734 1176 819 nonsatis
1186 749 1324 798 accurata
1336 736 1382 816 est,
1396 735 1425 796 in
1437 733 1519 796 Boi-

476 830 571 893 letino
589 830 619 891 di
636 829 843 913 Archeologia
861 829 1008 909 cristiana,
1027 853 1092 892 ann.
1116 831 1200 912 1865,
1215 846 1283 914 pag.
1300 830 1340 913 84
1353 831 1425 916 sqq,
1438 854 1516 894 eone-

477 927 622 990 ntentariis
642 938 753 988 nuttam
774 928 900 990 ediderit.
925 927 1022 989 Nulla
1047 928 1136 1007 leuius,
1156 951 1328 1011 quamquam
1351 953 1403 992 non
1422 930 1517 1016 sper-

477 1026 575 1088 nendae
599 1025 721 1112 editionis
745 1025 853 1087 ratione
874 1024 983 1104 habitu,
1010 1027 1304 1105 commemoratorium,
1331 1029 1361 1090 in
1390 1027 1518 1090 omnibus

477 1123 700 1208 manuscriptum
727 1123 842 1184 codicem
866 1123 1016 1208 sequendo,
1047 1124 1077 1185 in
1107 1120 1372 1206 Descriptionibus
1400 1123 1514 1188 Terrae

478 1221 595 1284 Sanciae
610 1231 666 1303 (pp.
682 1221 786 1302 77-84)
802 1221 875 1284 iuris
894 1221 1000 1303 publici
1014 1221 1090 1305 fecit
1106 1220 1140 1284 T.
1164 1219 1273 1284 Titler.
1298 1222 1516 1307 Difficillimum

479 1333 570 1379 autem
591 1318 653 1398 fuit
666 1333 768 1379 textum
781 1317 921 1379 interdum
935 1318 1099 1400 deficientem
1120 1319 1253 1401 complere
1276 1335 1358 1400 atque
1378 1321 1516 1383 nimirum

479 1415 603 1476 nonnulli
620 1437 680 1476 eum
697 1415 903 1497 vituperabunt
916 1416 989 1496 quod
999 1416 1140 1478 interdurn
1154 1417 1236 1478 nimis
1251 1418 1389 1480 audaner
1399 1419 1514 1506 proees-

470 1514 554 1602 serit.
570 1513 635 1596 Qui
654 1528 745 1574 autem
759 1513 812 1574 loco
826 1536 919 1574 eorum
934 1535 996 1593 quae
1010 1515 1039 1576 in
1058 1513 1248 1600 manuscripto
1262 1514 1403 1596 legunntr,
1417 1515 1515 1578 melius

479 1610 592 1692 aliquid
595 1611 781 1699 preposuerit,
792 1612 824 1672 de
834 1612 956 1674 omnibus
970 1634 1038 1674 uere
1049 1613 1166 1674 eruditis
1181 1612 1255 1675 viris
1261 1613 1297 1700 se
1309 1615 1374 1676 bene
1383 1615 1516 1675 meritum

481 1707 629 1794 ffstiut.

960 1930 1028 2002 Xstl

659 2103 857 2158 ununnum
877 2104 1058 2156 inormem
1075 2102 1344 2157 mmuuuuum.

522 2281 604 2363 Opus
624 2283 670 2343 cui
688 2305 783 2342 nornen
798 2281 948 2343 Bernardi
969 2279 1096 2341 monachi
1113 2279 1291 2366 inscribitur,
1314 2301 1382 2340 nono
1398 2279 1516 2363 finiente

472 2379 808 2468 suculescriptuenfuit.
824 2378 890 2440 Hoc
907 2380 989 2455 enim,
1014 2378 1061 2461 ets
1074 2400 1162 2438 omnes
1172 2400 1235 2458 ques
1244 2378 1406 2441 noverimus
1415 2379 1516 2441 codices

482 2500 554 2538 anno
568 2493 627 2558 970
654 2476 761 2538 librum
781 2475 964 2563 conscriptum
978 2476 1114 2559 testentur,
1138 2471 1227 2536 multa
1242 2489 1394 2556 temporum
1408 2475 1515 2538 indicia

475 2573 649 2659 significant,
669 2574 881 2656 putandumque
894 2573 1025 2657 scribam
1047 2572 1079 2648 ‚in
1102 2593 1155 2632 uno
1174 2571 1360 2657 untiquiffime
1379 2572 1440 2659 ms,
1464 2595 1516 2655 quo

472 2671 534 2759 solo
549 2670 593 2756 ust
604 2673 793 2754 fueruntqui
811 2694 882 2732 nune
902 2670 1057 2756 supersunt
1080 2669 1189 2748 codices,
1210 2668 1444 2732 DCCCCLXX
1461 2685 1516 2752 pro

481 2767 656 2832 DCCCLX
654 2769 689 2830 X
692 2768 850 2855 scripstffe.
868 2767 1035 2830 Guillelmus
1046 2766 1117 2828 enim
1129 2766 1383 2852 Molenesberienſss
1395 2769 1423 2830 in
1437 2767 1515 2830 Mo-

481 2867 647 2929 dernorum
666 2865 754 2950 gestis
771 2886 877 2948 regum
893 2865 1101 2948 Anglorum,¹
1127 2865 1201 2927 inter
1215 2866 1294 2942 alios,
1308 2866 1401 2946 quide
1418 2863 1516 2928 Terra

519 3051 529 3084 1
546 3035 718 3098 Lirre1V‚n.
739 3039 798 3098 367,
815 3034 856 3085 ed.
876 3033 966 3103 Hatdy

482 3113 600 3182 (helii
625 3113 740 3183 ΗΜ),
774 3130 803 3177 υ,
839 3117 964 3180 5⁶2·5⁶³-

483 3194 563 3246 Cuius
583 3193 702 3246 Guileimi
720 3195 795 3245 verba
816 3193 913 3261 integra
933 3192 967 3244 ie·

482 3275 596 3343 gentium
609 3274 687 3326 oculis
697 3275 816 3326 subiicere
826 3273 885 3325 utile
895 3274 966 3325 nobis

482 3355 612 3408 visumeli:
627 3353 722 3414 «Quod
733 3353 879 3406 miraculum
893 3353 967 3422 [ignis

1032 3032 1102 3084 «ubi
1123 3033 1146 3084 8e
1165 3031 1326 3085 bibliotecam
1348 3031 1456 3101 ingentis
1474 3051 1515 3085 ex-

1032 3133 1043 3161 e
1059 3113 1141 3182 pensae
1154 3125 1327 3182 compegerat.
1345 3113 1516 3182 Tantumque

1032 3193 1084 3243 e&
1104 3192 1218 3261 AEgypti
1240 3193 1264 3244 tie
1287 3209 1330 3260 per
1351 3192 1376 3243 id
1401 3191 1514 3244 iocorum

1032 3291 1043 3318 ι
1059 3285 1244 3324 commemorat
1258 3288 1345 3340 pacem
1363 3271 1515 3324 Christianos

1032 3369 1042 3399 e
1060 3352 1104 3402 sub
1124 3353 1271 3403 Turcorum
1285 3351 1399 3403 dominio
1416 3351 1516 3403 habuis·

487 3457 497 3483 ι
511 3433 580 3498 sacri]
594 3433 696 3502 quando
707 3433 811 3502 coeperit
829 3433 868 3485 vel
882 3433 896 3485 si
909 3445 967 3485 ante

485 3536 495 3563 e
509 3512 967 3582 temporoSurracenorumsuerit,nul·

487 3617 497 3642 ι
513 3593 558 3645 lius
572 3593 678 3646 historiae
692 3593 837 3662 cognitione
851 3593 967 3644 discerni-

486 3697 495 3722 ι
513 3687 562 3728 tur.
575 3673 637 3743 Legi
651 3691 700 3741 ego
708 3673 732 3724 in
743 3673 834 3742 scripto
846 3672 967 3725 Bernardi

486 3775 495 3802 e
512 3753 638 3820 monachi,
651 3753 719 3822 quod
735 3752 826 3804 abhinc
838 3755 909 3805 annis
922 3753 968 3804 du-

486 3855 495 3880 ·
512 3834 591 3887 centis
604 3833 797 3901 quinquaginta,
814 3833 839 3883 id
853 3833 886 3885 est
900 3850 968 3885 anno

486 3935 495 3962 e
512 3911 967 3986 Incarnutionisosiingentesrmosep-

486 3993 662 4062 etuugefimo,
686 3992 763 4056 idem,
784 3993 967 4064 lerosolymam

486 4073 648 4144 «proteum,
671 4072 755 4142 ignem
778 4073 846 4126 ilium
870 4073 968 4138 viderit,

487 4176 498 4202 ι
514 4153 701 4222 hospitatusque
719 4153 792 4205 suerit,
810 4155 835 4204 in
856 4153 967 4206 xenodo-

487 4255 498 4282 ι
515 4233 583 4300 chio,
597 4233 667 4301 quod
680 4232 773 4285 ibidem
783 4233 967 4302 gloriosissimus

1032 3431 1092 3496 ese,
1115 3443 1142 3482 ut
1164 3430 1180 3481 si
1202 3430 1274 3483 alicui
1289 3431 1365 3483 nanti
1384 3431 1410 3483 in
1428 3431 1516 3484 mediis

1033 3531 1043 3557 ι
1060 3511 1125 3563 forte
1144 3511 1220 3564 triviis
1238 3511 1388 3576 iumentum,
1408 3529 1461 3580 quo
1473 3529 1517 3564 ne-

1033 3590 1160 3644 «cessaria
1181 3593 1291 3656 veheret,
1326 3591 1517 3661 defungeretur,

1033 3671 1107 3736 «ilie,
1130 3670 1220 3724 resistis
1244 3670 1352 3738 sarcinis,
1378 3672 1410 3723 ad
1433 3673 1518 3742 proxi-

1034 3771 1043 3798 ι
1061 3768 1128 3802 mam
1142 3754 1230 3804 urbem
1243 3752 1373 3821 expeditus
1387 3768 1433 3821 pro
1446 3751 1517 3804 auxi·

1033 3852 1044 3878 e
1059 3830 1093 3883 iio
1108 3845 1234 3900 pergeret,
1247 3833 1332 3884 omnia
1347 3850 1404 3900 quae
1418 3831 1516 3885 dimise·

1033 3932 1044 3959 ι
1060 3923 1098 3962 rat
1111 3911 1207 3964 illibato
1218 3911 1393 3981 proculdubio
1404 3923 1516 3982 repertu·

1034 4011 1044 4038 e
1062 4009 1112 4044 rus.
1123 3991 1212 4044 Nullus
1223 4004 1307 4044 tumen
1321 3991 1356 4044 ibi
1364 3991 1516 4044 Christianus

1033 4091 1043 4120 e
1060 4070 1201 4140 alienigena
1214 4072 1298 4125 secure
1310 4071 1404 4138 vivere,
1414 4089 1460 4142 pro
1474 4091 1516 4124 ex-

1034 4150 1215 4220 eplorutorum
1240 4151 1385 4221 suspicione,
1407 4164 1516 4221 poterut,

1033 4252 1044 4280 ι
1063 4231 1104 4284 nisi
1118 4230 1195 4300 srgiiio
1211 4229 1367 4301 imperatoris
1381 4231 1515 4302 Babylonij

488 4335 497 4362 ι
514 4314 627 4367 Karosus
644 4331 752 4386 magnus
773 4313 881 4366 construi
895 4312 968 4380 iussit,
1033 4311 1150 4382 «fretus,
1170 4311 1295 4385 indigenae
1309 4328 1397 4383 pacem
1414 4311 1517 4365 Turco·
