3354 5706
539 532 608 583 220
861 488 967 584 naon
995 521 1242 576 vananaants

537 749 581 822 ad
597 749 749 820 ultimum
771 748 895 820 cunsiis
918 747 1070 842 utrinque
1090 742 1302 835 intuentibus,
1324 743 1388 815 sese
1402 741 1565 814 leviterin

539 853 705 926 cuiusdam
718 853 760 926 de
773 854 948 926 christiania
956 850 1086 924 “sinum
1100 850 1262 949 deposuit,
1273 847 1367 945 quod
1379 874 1484 922 mane
1496 873 1567 918 mox

538 988 625 1036 totus
643 961 784 1058 populus
807 962 933 1032 summa
950 959 1160 1032 veneratione
1177 954 1383 1030 salutabat&
1398 953 1566 1026 osculaba-

538 1093 597 1142 tur.
616 1066 770 1141 Habebat
786 1092 895 1139 autem
910 1063 1126 1164 longitudinis
1142 1061 1243 1161 pedes
1259 1067 1349 1136 οέὶο.
1366 1060 1471 1134 Aliud
1490 1087 1566 1157 quo

538 1201 603 1272 que
620 1175 789 1271 aliquanto
807 1165 927 1246 maiusl
943 1174 1080 1244 linteum
1093 1173 1126 1244 in
1140 1168 1273 1244 ecclesia
1285 1193 1469 1260 veneratur,
1482 1167 1568 1264 quod
1645 1197 1646 1254 i

538 1283 672 1355 fertura
688 1282 796 1353 sanda
813 1282 915 1353 Maria
928 1303 1134 1367 contextum,
1149 1276 1329 1351 duodecim
1345 1276 1569 1373 apostolorum

537 1393 572 1462 dt
595 1386 692 1486 ipsius
709 1389 848 1462 Domini
871 1389 1042 1459 continens
1070 1387 1240 1484 imagines,
1264 1409 1332 1456 uno
1352 1385 1455 1456 latere
1477 1380 1569 1454 ntbro

537 1497 573 1567 δι
588 1496 691 1567 altero
708 1493 812 1568 viridi.

538 1788 580 1860 V.
598 1793 648 1858 De
668 1790 746 1858 locis
762 1793 840 1858 circa
859 1789 1065 1881 Hierusalem,
1089 1788 1222 1858 rievalle
1240 1789 1391 1883 iosaphat,
1417 1790 1458 1858 de
1467 1789 1569 1884 sepul·
1647 1739 1648 1788 3

624 1900 757 1966 croesus
774 1895 960 1985 aliorumque
979 1893 1010 1963 ὂ
1027 1895 1063 1962 de
1080 1893 1211 1990 eccsefia,
1236 1899 1267 1963 in
1286 1920 1344 1985 quo
1353 1895 1484 1988 sepulta

882 2004 950 2091 suit
957 2002 1068 2096 sanda
1087 2001 1217 2070 Mario.

588 2195 686 2266 Circa
711 2192 978 2286 Hierosolymam
1003 2193 1115 2290 aspera
1139 2195 1174 2264 ἀ
1199 2191 1374 2265 montuosa
1398 2218 1570 2266 cemunntr

539 2305 623 2376 soca.
642 2301 730 2372 Hinc
755 2325 891 2397 quoque
919 2301 1174 2398 septentrionem
1201 2300 1307 2373 versus
1325 2301 1424 2398 usque
1443 2299 1490 2372 ad
1507 2301 1570 2372 Ari·

540 2408 700 2481 mathiam
717 2431 800 2479 terta
824 2407 952 2503 petrosa
969 2409 1004 2478 &
1021 2406 1133 2503 aspera
1148 2433 1208 2505 pet
1223 2407 1392 2480 intervalla
1412 2409 1570 2480 monstra·
1648 2499 1649 2502 Ἴ

541 2542 603 2606 tur,
619 2514 718 2587 valles
731 2538 867 2610 quoque
885 2513 1012 2610 spinose
1027 2513 1128 2610 usque
1144 2512 1186 2584 ad
1203 2514 1387 2585 Taniticam
1402 2517 1569 2614 regionem
1648 2533 1649 2538 ’

541 2646 710 2723 patentes,
733 2618 776 2691 ad
794 2619 970 2692 Cesareant
991 2646 1069 2692 vero
1097 2621 1247 2695 Palestine
1263 2620 1304 2694 ab
1322 2621 1395 2714 lilia,
1423 2623 1570 2720 quamvis

541 2730 649 2826 aliqua
673 2728 873 2822 reperiantur
898 2726 1035 2826 angusta
1058 2730 1093 2799 dt
1109 2726 1219 2800 brevia
1240 2753 1339 2825 atque
1360 2730 1472 2826 aspera
1488 2729 1568 2816 lom,

541 2835 696 2931 precipua
714 2857 824 2904 tamen
843 2834 992 2930 planities
1011 2860 1216 2931 camporum,
1232 2832 1423 2934 interpostis
1437 2835 1569 2908 olivetis.

541 2941 683 3014 Distant‘
704 2965 814 3012 autem
841 2940 1046 3039 septuaginta
1071 2943 1216 3038 quinque
1242 2941 1382 3015 millibus
1409 2941 1569 3041 passuum,

540 3047 716 3147 longitudo
730 3072 808 3120 vero
823 3072 904 3120 terre
919 3048 1171 3147 repromissionis
1187 3077 1208 3120 a
1219 3051 1295 3122 Dan
1309 3049 1409 3147 usque
1420 3047 1569 3121 Bersabee
1649 3079 1650 3150 g

541 3154 684 3230 tenditur
697 3155 801 3252 spatio
815 3179 948 3227 centum
961 3155 1127 3254 sexaginta
1141 3156 1290 3249 millium,
1305 3154 1348 3228 ab
1359 3162 1461 3252 ioppe
1474 3157 1568 3253 usque

542 3262 729 3338 Bethlehem
744 3259 960 3360 quadraginta
978 3262 1030 3334 sex
1044 3260 1193 3334 millibus.

591 3375 680 3442 iuxta
691 3395 821 3440 murum
835 3369 949 3467 templi
962 3370 1015 3443 vel
1024 3368 1227 3441 Hierusalem
1242 3368 1283 3443 ab
1301 3371 1427 3442 oriente
1439 3371 1568 3444 Gehen·

542 3504 612 3550 non
622 3478 772 3566 occurrit,
786 3502 851 3573 que
861 3475 905 3548 est
917 3478 1009 3548 vallis
1017 3480 1170 3572 iosaphat,
1184 3477 1462 3573 aseptentrionali
1474 3479 1568 3576 plaga

542 3587 576 3656 in
589 3583 728 3657 austrum
741 3587 902 3679 pontesia,
915 3609 974 3680 per
987 3608 1087 3679 quam
1100 3606 1225 3654 torrens
1238 3582 1387 3676 Cedron,
1400 3583 1423 3655 st
1437 3584 1567 3682 quando

542 3688 725 3786 pluviarum
741 3715 842 3785 aquas
860 3689 984 3785 recipit,
1010 3688 1160 3761 decurrit.
1189 3690 1262 3760 Hec
1286 3691 1377 3764 vallis
1404 3691 1448 3764 est
1472 3717 1568 3788 parva

541 3796 650 3892 campi
675 3796 835 3893 planities,
859 3799 979 3896 irrigua
1003 3799 1038 3868 dt
1064 3796 1238 3869 nemorosa
1255 3797 1419 3894 plenaque
1440 3798 1569 3886 deliciis,

539 3899 672 3973 lucumd
686 3905 720 3974 in
739 3904 771 3975 se
784 3902 956 3999 quondam
972 3903 1059 3974 Baali
1071 3903 1197 3975 sactum
1210 3902 1331 3976 habuit.
1351 3910 1383 3977 ln
1402 3905 1466 3978 hac
1476 3913 1565 3978 turris

541 4007 585 4080 est
608 4010 694 4108 regis
718 4015 870 4106 Iosophat,
898 4009 1081 4108 sepulcrum
1103 4012 1170 4082 eius
1197 4013 1384 4085 continens:
1411 4015 1501 4086 cuius
1526 4011 1565 4086 ad

578 4219 601 4254 ι.
612 4202 650 4256 ΑΙ.
660 4202 788 4256 christiana
799 4205 878 4274 plebe.
895 4233 927 4244 -
946 4207 970 4258 b.
984 4207 1022 4258 rc.
1083 4207 1232 4260 vocabulum
1250 4208 1327 4262 haber
1344 4207 1514 4262 Hieronimus.
1536 4237 1565 4250 -

543 4281 642 4337 maioris
656 4283 735 4356 spatij.
749 4313 782 4324 -
798 4301 821 4338 c.
835 4287 873 4339 rc.
885 4283 969 4356 supra
978 4287 1022 4340 hoc
1082 4286 1106 4340 d.
1119 4285 1161 4340 As.
1176 4286 1306 4342 &locunt
