3390 5720
324 508 374 559 DE
399 510 503 563 Locls
527 509 821 566 TR'ANSMARINIS
844 514 981 570 SACRIS.
1103 519 1166 598 119

620 841 672 893 DE

154 1048 354 1144 LOCIS
386 1057 861 1158 TRANSMARINIS
896 1069 1115 1165 SACRIS

285 1332 424 1401 arem
446 1333 743 1432 simmam
765 1344 1020 1440 mammis

485 1575 522 1644 (Ε
537 1577 594 1628 cod.
605 1555 689 1630 l'atic.
704 1583 756 1642 636
770 1582 819 1647 A.)

188 1928 486 1995 ROCEDENTE
515 1931 604 1995 beato
638 1934 799 1997 Antonino
831 1953 964 2022 martyre
1000 1960 1061 2003 una
1091 1959 1162 2002 cum

188 2019 322 2103 collegis
345 2019 412 2098 suis,
430 2041 467 2081 ex
488 2041 526 2081 eo
548 2022 630 2104 quod
657 2024 813 2085 civitatem
830 2022 1015 2107 Placentiam
1031 2025 1162 2110 egressus

116 2111 170 2190 esi,
203 2112 237 2172 in
264 2109 376 2193 quibus
408 2107 484 2171 locis
517 2110 726 2194 peregrinatus
752 2110 793 2172 est
818 2112 871 2191 ire,
903 2111 1027 2197 vestigia
1049 2115 1160 2179 Christi

118 2197 295 2283 sequentes,
324 2199 353 2261 δι
378 2198 525 2261 miracula
551 2197 722 2262 sanctorum
756 2201 975 2282 prophetarum
1000 2206 1162 2285 providere

118 2305 281 2370 ceperunt.
297 2285 345 2351 lta
365 2289 546 2352 exeuntibus
568 2289 658 2350 nobis
673 2289 712 2350 de
726 2287 1007 2374 Constantinopoli,
1021 2294 1161 2357 venimus

118 2375 149 2437 in
165 2377 298 2440 insulam
313 2379 465 2462 Cyprum,
480 2379 510 2439 in
526 2378 650 2439 civitate
665 2376 855 2456 Constantia,
879 2379 910 2440 in
926 2401 986 2460 qua
1001 2382 1162 2464 requiescit

119 2463 240 2530 sanstus
256 2465 458 2551 Epiphanius,
475 2467 581 2530 civitas
601 2467 737 2549 pulchra,
752 2467 905 2546 deliciosa,
920 2485 1026 2531 ornata
1054 2472 1162 2553 palmis

118 2553 323 2638 dadlylorum.
344 2556 428 2619 Dein
443 2557 583 2618 venimus
599 2556 733 2638 partibus
748 2556 844 2638 Syrie,
865 2557 895 2618 in
911 2557 1006 2619 insula
1020 2558 1161 2623 Santarus

118 2643 154 2702 ad
177 2642 315 2726 Tyrum.
345 2643 441 2707 Tunc
466 2647 605 2707 venimus
629 2641 858 2722 Tholomaida,
880 2643 1003 2707 civitate
1028 2647 1162 2726 honesta,

119 2731 303 2795 monasteria
314 2734 402 2796 bona.
417 2732 630 2796 Tholomaida
641 2733 773 2815 pertinet
787 2750 895 2796 contra
904 2733 1061 2796 civitatem
1078 2737 1161 2798 milia

120 2817 166 2883 sex
188 2821 221 2883 in
245 2820 339 2884 castra
353 2821 609 2884 Samaritanorum
624 2822 753 2884 miliario
769 2845 786 2885 a
801 2824 974 2906 Sugamina,
988 2824 1040 2886 sub
1056 2843 1160 2888 monte

120 2906 279 2988 Carmelo,
293 2909 379 2991 super
392 2911 454 2991 ipsa
467 2909 560 2972 castra
575 2909 705 2971 miliario
718 2910 805 2977 semis
820 2910 1035 2994 monasterium
1046 2913 1158 2977 Helisei

121 2999 288 3079 prophete,
314 3000 366 3061 ubi
388 3000 415 3060 ei
437 3000 570 3061 occurrit
598 2998 707 3059 mulier
732 2999 818 3062 cuius
839 2998 937 3061 filium
958 2999 1108 3063 suscitavit
1127 3003 1159 3065 in

121 3103 226 3149 monte
242 3087 397 3150 Carmelo,
418 3085 527 3171 Ibique
556 3086 598 3149 est
618 3103 702 3170 petra
724 3088 845 3151 modica
865 3090 1012 3168 rotunda,
1035 3091 1159 3172 quando

122 3175 291 3256 exagitatur
304 3175 388 3238 sonat
402 3177 475 3259 quia
493 3176 589 3238 solida
605 3175 655 3237 est.

157 3261 251 3326 Talis
277 3279 379 3327 autem
399 3266 441 3327 est
471 3267 565 3328 virtus
588 3281 673 3350 petre
695 3264 776 3327 illius
800 3284 850 3344 ut,
872 3263 893 3327 fi
915 3264 1048 3346 suspensa
1069 3267 1160 3331 fuerit

127 3351 247 3415 mulieri
264 3355 312 3416 vel
327 3357 512 3439 cuicumque
526 3355 660 3434 animali,
679 3371 820 3437 parturna
836 3375 1005 3439 numquam
1019 3357 1158 3438 facien&

123 3462 139 3501 a
162 3441 288 3505 civitate
308 3444 357 3506 sex
378 3461 430 3507 aut
448 3444 564 3528 septem
585 3444 682 3507 millia
701 3443 847 3528 personat.
874 3442 926 3506 De
946 3442 1158 3512 Tholomaida

123 3529 273 3619 maritima
287 3534 425 3596 venimus
445 3534 475 3596 in
490 3532 602 3596 linibus
618 3533 751 3614 Galilee,
765 3534 797 3596 in
812 3533 968 3595 civitatem
983 3557 1043 3617 que
1064 3558 1157 3600 voca·

123 3632 168 3679 tur
188 3619 388 3684 Neocesarea.
414 3619 449 3684 In
472 3643 532 3705 qua
560 3622 751 3686 adoravimus
779 3622 880 3685 amola
909 3623 1156 3687 &canestellum

123 3704 216 3771 sandle
235 3709 346 3774 Marie.
367 3708 402 3772 In
418 3732 479 3794 quo
495 3710 566 3773 loco
590 3727 653 3773 erat
667 3711 811 3774 cathedra
824 3710 876 3773 ubi
897 3711 1017 3773 sedebat
1031 3714 1156 3796 quando

130 3796 163 3856 ad
183 3819 250 3861 earn
265 3799 390 3882 angelus
405 3798 497 3861 venit.
520 3797 644 3861 Deinde
659 3800 817 3863 miliario...
833 3801 973 3864 venimus
989 3802 1020 3862 in
1037 3801 1158 3888 Chana‚

124 3885 171 3946 uhi
188 3885 345 3951 Dominus
360 3888 416 3950 fuit
430 3889 467 3949 ad
482 3889 604 3970 nuptias
619 3887 861 3952 &accubuimus
876 3891 908 3952 in
923 3889 988 3973 ipso
1004 3891 1157 3968 accubitu,

126 3973 172 4036 ubi
193 3998 251 4060 ego
266 3977 408 4060 indignus
422 3978 548 4038 nomina
563 3993 723 4060 parentum
746 3998 883 4040 meorum
900 3977 1006 4059 scripsi.
1024 3976 1071 4039 Ex
1087 3979 1155 4060 qui·
1235 4052 1241 4066 Ι

126 4062 176 4127 bus
190 4067 357 4148 ydriedue
378 4065 418 4127 ibi
434 4065 509 4127 sunt.
525 4063 655 4149 Implevi
677 4088 756 4150 aqua
777 4088 869 4130 unam
890 4067 1047 4150 &protuli
1068 4088 1106 4128 ex
1121 4089 1156 4130 ea

126 4151 284 4232 vinum&
309 4155 339 4215 in
360 4154 488 4216 humero
514 4153 636 4236 plenam
657 4153 766 4233 levavi,
785 4153 815 4216 δι
839 4154 938 4237 optuli
953 4156 990 4216 ad
1011 4155 1103 4240 pltare
1125 4155 1155 4218 δι

127 4239 154 4300 in
168 4242 229 4324 ipso
243 4245 329 4305 sonte
344 4265 399 4326 pro
413 4243 627 4307 benedidlione
641 4243 841 4307 levavimusb

160 4405 182 4440 a.
194 4389 240 4442 vel
251 4389 352 4442 iustum.
367 4417 399 4429 ··
411 4391 434 4443 b.
450 4388 498 4442 vel
508 4387 624 4444 lavimus.
