3448 5718
410 557 443 626 11.
462 567 666 626 nnnnonm.
685 566 852 622 snncron
868 563 1019 620 111111.
1180 569 1222 618 xv

233 809 253 872 f.
277 809 362 890 1844,
376 806 485 896 Paris,
501 805 617 891 Migne,
630 806 660 868 in
675 802 829 888 Patrolog.
852 802 955 880 latina,
968 814 989 863 t.
1007 797 1039 866 V
1036 798 1098 878 ΙΙΙ,
1111 823 1133 862 c.
1149 799 1222 884 783-

193 926 267 994 7953
285 907 332 972 W
329 905 517 992 offelingianae
528 906 650 969 editionis
663 906 697 968 de
708 905 797 967 verho
811 902 983 966 adverbum
994 899 1123 982 repetitio.

233 1047 262 1110 g.
288 1024 372 1106 1845,
391 1021 521 1108 Partstis,
533 1022 563 1084 in
578 1037 658 1105 opere
671 1021 748 1084 cuins
761 1018 855 1084 titulus
859 1017 1012 1109 sequitur:
1026 1012 1156 1079 Recueil
1170 1016 1223 1076 des

194 1123 360 1187 itiniraires
374 1121 508 1199 anciens,
527 1118 570 1200 8⁰,
580 1134 611 1204 p.
629 1136 681 1202 171
699 1120 733 1182 &
739 1119 822 1209 suiv.
835 1115 937 1202 211111
958 1115 1098 1178 editionem
1115 1136 1148 1176 ox
1166 1112 1223 1175 cod.

195 1219 295 1310 Paris.
306 1219 346 1301 (c)
358 1217 458 1281 Fortia
472 1218 503 1280 d’
507 1215 621 1295 Urbem,
635 1214 688 1278 vol
695 1215 785 1297 potins
798 1213 834 1276 Ε.
849 1210 956 1276 Miller
969 1210 1092 1294 confecit.

233 1337 263 1397 h.
289 1333 372 1415 1848,
390 1332 525 1412 Borohni,
543 1332 586 1410 8⁰,
605 1332 647 1395 ad
661 1331 762 1395 calcem
782 1327 930 1412 Itinerarij
955 1329 1118 1408 Antonini,
1137 1328 1224 1390 edent.

198 1429 235 1495 G.
254 1432 377 1515 Parthey
398 1433 433 1494 {l
456 1430 509 1495 Μ.
533 1431 651 1510 Pinder,
672 1431 721 1513 qui
732 1431 821 1494 eodem
841 1428 887 1492 illo
905 1429 963 1492 cod.
986 1425 1138 1512 Paristonfi
1159 1439 1224 1490 tan-

78 1553 81 1558 ’
194 1530 328 1592 tummodo
342 1529 384 1616 uſs
386 1531 523 1614 suerunt.

236 1637 254 1698 i.
281 1637 365 1718 1854,
379 1633 493 1722 Lipfia,
507 1637 607 1716 8⁰,ad
617 1635 717 1700 calcem
731 1634 817 1699 thille*
834 1633 929 1698 lacohi
941 1633 1087 1718 Berggren
1102 1628 1224 1694 Flavius

194 1731 351 1817 Iosephus,
361 1749 410 1819 oo·
424 1754 516 1818 sess
532 1735 679 1818 (froom-t·

230 1841 255 1924 j.
280 1841 366 1924 1864,
392 1841 520 1921 Parisiis,
552 1841 593 1906 8⁰.
628 1840 737 1904 Revue
764 1837 1011 1922 archisologique,
1040 1857 1124 1899 noun.
1136 1835 1225 1925 sirie,

196 1953 214 2000 t
230 1938 273 2019 X,
283 1954 313 2023 p.
334 1940 515 2023 99-108111
533 1940 609 2003 codd.
627 1940 694 2002 a&
711 1959 740 2018 c,
755 1950 872 2000 curante
881 1936 972 2000 Anat.
991 1935 1024 1996 de
1039 1933 1224 2017 Barthilemp.

239 2053 270 2115 k.
294 2052 378 2136 1869,
389 2054 484 2118 tanen
499 2053 589 2132 Galli,
599 2052 641 2130 8⁰,
655 2053 728 2115 inter
744 2050 973 2134 Descriptiones
986 2049 1094 2112 Terrae
1108 2047 1225 2111 Sanliae

197 2171 235 2212 ex
245 2147 342 2212 saecul.
350 2147 408 2228 IV,
423 2147 557 2229 V&VI,
564 2149 696 2238 quaeipse
706 2148 811 2231 collegit
818 2147 965 2238 presentis
975 2146 1120 2210 voluminis
1129 2145 1226 2223 editor,

198 2246 241 2310 hie
250 2248 343 2331 primo
356 2248 443 2310 trium
458 2247 534 2310 codd.
548 2269 576 2328 a,
591 2246 622 2326 b,
635 2267 653 2308 c
667 2245 822 2310 lectionibus
834 2244 908 2331 usus.

694 2517 719 2586 ΙΙ

418 2719 683 2812 ,ΡΕΚΕΘΚΙΝΔΠΟ
699 2719 849 2776 SANGTAE
863 2721 993 2776 PAULAE

238 2943 354 3008 Considi
378 2953 507 3027 tompo're,
531 2943 606 3025 quod
631 2939 732 3004 Roma
760 2963 832 3004 anno
857 2941 914 3025 382
939 2951 1031 3006 enum
1052 2943 1098 3026 est,
1121 2940 1227 3021 Paula,

198 3067 231 3106 ex
244 3041 327 3104 nohih
335 3063 437 3123 genere
454 3037 589 3104 Romana
608 3052 750 3118 matrona,
761 3039 917 3129 spirituale
937 3040 1125 3102 commercium
1145 3040 1231 3102 inivit

199 3164 259 3202 cum
267 3141 369 3230 saneto
382 3136 538 3222 Epiphanio
552 3138 693 3228 &sancio
708 3138 838 3218 Paulino,
859 3161 974 3222 quornm
997 3139 1124 3222 instinttu
1139 3137 1228 3228 chris-

198 3239 305 3301 tianam
322 3236 479 3318 religionem
494 3235 748 3323 Sanctaqueſsmut
761 3234 838 3300 Loca
847 3239 919 3299 miro
932 3236 1062 3319 amplexa
1074 3237 1113 3314 ell
1125 3257 1228 3308 amore,

200 3337 269 3399 Indo
296 3334 433 3422 confidum
467 3336 573 3399 itineris
602 3336 645 3398 ad
668 3335 892 3427 Hierosolymam
908 3332 1082 3426 suscipiendi
1089 3366 1102 3409 ,·
1126 3350 1229 3418 nempe,

191 3435 292 3525 sorore
300 3431 363 3520 sua
376 3433 519 3512 Eustochio
533 3434 568 3496 U
577 3431 631 3498 illis
645 3435 749 3498 duohus
762 3434 877 3520 eccloſsae
886 3434 1018 3518 patribus
1032 3435 1229 3512 comitantibus,

195 3534 296 3617 patria
300 3530 389 3615 fimnl
397 3553 431 3594 ac
437 3529 509 3616 filiis
515 3532 625 3612 relictis,
635 3533 754 3614 triginta
763 3533 905 3623 &septem
915 3554 1001 3596 annas
1011 3545 1091 3612 nata,
1100 3533 1181 3596 viam
1191 3532 1233 3594 ad

201 3631 344 3696 Orientem
358 3629 485 3716 ingreffa
496 3631 543 3714 est,
555 3629 589 3692 ΕΞ
588 3631 696 3721 sancta
706 3631 819 3694 civitate
818 3631 914 3721 semol
919 3631 1025 3721 invisa,
1031 3631 1060 3692 in
1069 3632 1137 3693 urhe
1145 3653 1229 3714 quam

195 3730 338 3812 pracipue
361 3727 482 3805 amavit,
502 3725 658 3791 Bethlehem
678 3729 747 3807 dico,
772 3727 936 3791 domicihum
963 3728 1051 3811 elegit,
1073 3729 1121 3790 uhi
1145 3750 1229 3811 quum

199 3826 302 3910 viginti
324 3825 405 3888 annio
426 3823 530 3910 affldue
548 3824 697 3912 monfiffot,
718 3848 792 3889 onno
810 3843 871 3908 404
893 3839 1007 3889 mortem
1029 3825 1102 3888 obiit.
1131 3823 1230 3888 Huius

196 3925 428 4006 peregrinationis
459 3922 617 3986 relationem
633 3919 754 4010 sanctus
787 3922 990 4007 Hieronymus,
1018 3923 1121 3987 Paula
1147 3944 1230 3985 comes

201 4018 340 4102 (temporis
352 4021 423 4082 enim
438 4020 472 4082 {d
482 4020 643 4111 prasertim
658 4021 785 4084 Orientis
797 4043 885 4084 mores
902 4020 1049 4104 opinimern
1066 4019 1146 4083 illam
1155 4020 1231 4110 sane

199 4116 355 4179 credihihm
375 4141 389 4179 1
422 4117 519 4199 ciunt),
527 4119 643 4202 posteris
657 4118 796 4191 tradidite
810 4119 865 4181 eius
878 4132 969 4182 auum
979 4117 1169 4209 descriptiones
1178 4139 1230 4180 non

197 4226 292 4295 pauca
307 4235 353 4278 nos
366 4215 463 4294 edocet,
477 4215 511 4277 {d
524 4215 557 4277 de
566 4214 700 4304 personis,
711 4215 746 4277 ld
756 4214 789 4278 de
802 4215 885 4277 rohas
895 4236 928 4277 ac
942 4214 1015 4278 locis.
1027 4214 1128 4298 9111111
1139 4227 1230 4278 autem

201 4311 287 4392 egoin
312 4311 364 4376 hac
387 4311 499 4376 oditime
518 4313 703 4376 tantummodo
723 4312 798 4394 quod
812 4311 993 4395 geographia
1016 4313 1127 4396 interest
1149 4311 1231 4396 desti·
