3390 5720
352 540 403 592 na
419 542 505 595 srru
522 543 669 598 renam
687 545 863 601 susurru.
1073 537 1116 608 81

69 655 1117 687 —-·-——-—-——-—---..-..-.

581 1006 634 1058 DE

143 1277 330 1370 SITU
373 1280 663 1373 TERRAE
708 1283 1063 1376 SANCTAF.

219 1562 222 1567 ’
292 1584 588 1678 sacomam
610 1586 931 1658 msouosruor.

384 1980 543 2030 comest
564 1981 844 2032 MANUscnn’rr

284 2148 319 2195 A.
329 2147 421 2220 ἠως
432 2149 486 2198 bibl.
497 2149 611 2209 Varium,
622 2149 692 2210 6018,
704 2149 760 2198 min.
771 2149 821 2210 fot,
831 2149 847 2199 s.
857 2147 900 2198 IX.

284 2221 314 2266 B.
363 2239 374 2266 ι
455 2241 466 2267 ι
548 2242 558 2266 ι
622 2221 681 2283 Rea.
692 2221 757 2282 che,
768 2221 912 2286 msiffl.

287 2290 312 2338 G.
365 2312 375 2336 ι
456 2313 467 2339 e
548 2313 560 2339 e
657 2314 667 2338 r
719 2314 729 2338 s
765 2293 921 2356 GJQLXIH.

283 2363 316 2410 D.
324 2363 394 2412 Perit.
404 2363 508 2414 biblioth
518 2375 565 2414 aar.
576 2366 624 2426 hc,
633 2365 705 2427 4808,
714 2366 775 2428 iss-4,
786 2365 866 2413 sxn.

284 2435 313 2482 B.
357 2453 367 2480 r
443 2456 453 2482 ι
531 2457 541 2482 ι
593 2437 701 2500 ⁹4⁸9&
712 2435 889 2497 in-soL,s.X11.

119 2841 146 2893 N
166 2839 278 2893 nomine
291 2839 406 2892 Domini
417 2841 470 2894 Dei
480 2841 578 2895 summi
589 2841 683 2912 incipit
697 2843 823 2913 expofitio
836 2843 949 2896 civitatis
964 2843 1127 2899 Hierusalem

119 2921 162 2974 rel
177 2921 258 2973 rebus
278 2920 344 2987 eius,
362 2920 431 2974 &iia
445 2919 591 2990 Theodotij
609 2920 800 2990 archidiaconi,
818 2923 850 2976 de
863 2921 980 2994 partibus
993 2923 1129 2977 orientalis

89 2999 338 3070 perscrutinium·

126 3077 333 3133 Melchisedech
355 3079 475 3133 sacerdos
497 3079 550 3132 Dei
573 3081 598 3133 δι
619 3099 662 3132 rex
685 3080 780 3147 Salem,
803 3099 883 3151 quem
905 3081 1047 3136 adfirmant
1067 3085 1127 3136 Sem

90 3157 139 3212 eli'e
155 3158 246 3212 filium
260 3160 327 3212 Noe.
343 3160 428 3213 Sslem
445 3158 554 3230 quidam
572 3171 668 3232 putant
680 3159 730 3214 esse
743 3161 892 3214 Ierusalem.
908 3161 1046 3214 ierusalem
1066 3179 1130 3216 con·

90 3239 221 3292 diderunt
244 3239 355 3306 Iebusel,
378 3241 403 3292 dr
425 3238 488 3310 quia
509 3239 541 3292 de
563 3240 655 3311 primis
679 3241 830 3294 civitatibus
852 3240 905 3293 suit
926 3239 954 3293 in
977 3241 1131 3296 conditione

91 3319 202 3386 mundi,
220 3320 246 3372 sc
263 3321 348 3374 sanila
369 3319 461 3388 civitas
481 3330 599 3386 vocatur,
619 3339 652 3374 eo
671 3321 744 3391 quod
757 3319 876 3373 Salvator
895 3321 989 3373 mundi
1006 3321 1132 3376 dominus

92 3400 164 3452 lesus
186 3398 305 3453 Christus
318 3417 366 3453 nos
379 3399 491 3454 redemit
510 3399 536 3452 in
550 3419 581 3453 ea
601 3400 718 3471 pendens
732 3399 758 3452 in
772 3417 861 3464 cruce,
872 3401 898 3452 dr
911 3399 1058 3470 sepulcrum
1076 3401 1133 3455 eius

92 3479 181 3549 usque
200 3478 236 3531 ad
261 3478 341 3532 linem
365 3479 459 3533 mundi
485 3479 534 3533 erit
557 3480 683 3533 omnibus
710 3480 834 3549 gentibus
857 3477 1002 3548 gloriosum
1028 3481 1133 3551 requisi·

92 3557 175 3611 tumb
191 3575 238 3629 per
248 3559 341 3612 omnia
351 3559 445 3613 secula.
460 3560 565 3612 eludes
579 3559 653 3628 regio
663 3557 791 3612 Palestine
804 3577 836 3611 ex
845 3557 955 3611 nomine
968 3559 1034 3613 lude
1044 3561 1133 3631 appel·

92 3636 155 3706 lata,
181 3655 213 3692 ex
231 3638 308 3692 cuius
327 3639 397 3693 tribu
419 3657 493 3710 reges
510 3639 612 3692 habuit.
637 3641 696 3692 Hec
717 3639 790 3709 prius
804 3635 936 3694 Canaand
951 3638 1020 3692 didio
1039 3659 1054 3692 a
1075 3641 1132 3694 filio

93 3719 186 3771 Cham
201 3717 250 3772 five
270 3737 287 3772 a
302 3719 395 3773 decem
406 3717 532 3789 gentibus
543 3719 760 3772 chananeorum.
775 3717 881 3780 Quibus
893 3717 1011 3789 expulsis,
1020 3720 1131 3773 eandem

94 3811 194 3852 terram
216 3798 293 3852 iudei
313 3797 488 3868 poffederunc
513 3797 628 3851 Inicium
654 3797 830 3868 longitudinis
855 3797 911 3851 eius
932 3817 946 3849 a
965 3799 1024 3851 vico
1037 3799 1133 3872 Arpha

94 3879 236 3949 usquead
257 3878 347 3931 vicum
370 3877 500 3931 Iuliadem
524 3877 678 3948 porrigitur,
698 3877 725 3930 in
748 3896 804 3950 quo
822 3878 964 3930 Iudeorum
984 3877 1081 3949 pariter
1102 3897 1133 3933 ac

95 3955 238 4010 ‘l'iriorum
259 3956 412 4010 communis
431 3955 561 4010 habitatio
580 3955 621 4010 est.
643 3957 772 4010 Latitudo
784 3969 873 4010 autem
888 3957 944 4011 eius
957 3976 972 4011 a
985 3969 1077 4012 monte
1089 3960 1134 4012 Li-

96 4035 160 4088 bani
176 4036 261 4108 usque
285 4035 320 4087 ad
332 4033 485 4090 Tiberiadis
504 4035 594 4089 lacum
615 4033 774 4089 extenditur.
795 4037 827 4090 In
842 4036 931 4090 medio
950 4048 1040 4090 autem
1054 4036 1134 4114 ludee

131 4247 239 4302 assur
254 4247 589 4304 salmana-ss.
689 4267 711 4304 c.
728 4251 766 4314 B..
784 4251 813 4304 B.
830 4267 875 4320 per
891 4249 972 4304 sooria
989 4248 1135 4304 seculorum.

99 4327 234 4398 requisuru.
652 4359 688 4372 -·
699 4330 725 4384 d.
737 4331 764 4384 B.
779 4346 869 4384 man·
