3432 5710
490 530 558 629 258
950 532 1055 634 (600)

361 795 390 840 c.
402 769 473 845 600
486 771 757 847 S.THEODORUS
774 780 797 846 S
799 782 907 864 iccata,
921 781 1078 874 episcopus
1087 781 1404 875 olnaflafiopolimnus
1413 779 1520 868 (tertia

484 883 576 972 uice),
598 885 798 976 IOHANNES‚
817 888 1058 974 archidiaconus,
1074 887 1104 955 ir
1122 886 1330 958 MARTINUS
1343 892 1520 980 ‘Dugarien-

475 995 531 1082 fis·
549 1000 621 1069 (428)

555 1121 677 1186 [Elentius
692 1123 831 1192 Georgius,
846 1125 937 1190 Vitas.
954 1125 1083 1191 theodori,
1094 1142 1117 1178 c.
1134 1127 1208 1190 VIII,
1221 1129 1235 1190 p
1249 1145 1280 1194 59
1296 1127 1380 1195 (cuius
1396 1129 1457 1180 vers.
1473 1130 1517 1182 hs.

483 1217 523 1270 ap.
534 1203 586 1254 An.
595 1204 634 1254 SS.
645 1201 712 1268 rou,
725 1203 803 1272 Apr.,
815 1205 865 1269 ΙΙΙ,
878 1222 901 1273 p.
914 1204 983 1274 45).]

520 1307 576 1375 (Cf.
589 1308 684 1362 Itinera
693 1327 791 1378 greca,
802 1311 836 1378 Ι.)

350 1505 378 1551 c.
397 1478 469 1554 600
484 1469 521 1558 S.
549 1466 750 1576 Isidorus,
770 1467 1037 1592 Hispalenfis
1053 1467 1300 1595 episcopus.
1323 1498 1369 1566 tiu

554 1617 738 1687 [Iapograpbr'a
753 1617 945 1672 Terrae-Sanbiae
958 1620 1049 1690 mystice
1060 1619 1236 1688 interpretata5
1254 1639 1328 1691 opus,
1340 1634 1368 1673 ut
1379 1621 1517 1680 oredimus,

482 1697 616 1762 ineditum,
631 1698 646 1749 s.
660 1699 899 1768 lfidoroHispalensr
914 1699 1074 1764 attributum,
1085 1700 1117 1750 ad
1131 1701 1287 1770 theologiam
1301 1704 1384 1771 potius
1398 1722 1476 1772 quam
1485 1705 1519 1756 ad

481 1779 662 1848 geographiam
677 1779 788 1848 sp'ebians
802 1779 876 1842 (Bibl.
890 1779 1071 1846 Ambrolrana‚
1087 1779 1206 1845 medior,
1215 1799 1240 1832 n.
1257 1783 1292 1834 G.
1307 1789 1339 1834 82
1352 1783 1453 1849 infant]

269 1937 519 2037 c.600·6308.
546 1923 748 2044 lfidorus,
774 1934 1040 2060 Hispalenfis
1063 1935 1311 2062 episcopus.
1339 1967 1402 2035 (tu)

523 2120 535 2152 ‹
557 2093 672 2178 Syriam
697 2094 782 2177 Syrus
801 2095 916 2176 quidam
930 2094 1098 2177 perhibetur
1119 2096 1250 2178 indigena
1273 2119 1293 2158 a
1307 2097 1363 2182 saa
1384 2097 1519 2157 vocabule

479 2183 661 2266 nuncupaffe.
676 2183 753 2246 Hac
773 2186 809 2245 ab
829 2184 942 2262 oriente,
952 2184 1053 2268 stavia
1073 2182 1240 2266 Euphrate,
1260 2187 1297 2248 ab
1319 2185 1427 2274 occasa,
1440 2187 1522 2246 mari

479 2273 570 2355 nostro
585 2274 619 2334 {d
634 2271 772 2356 AEgypto
787 2273 968 2351 terminatur,
978 2288 1094 2354 tangens
1108 2296 1127 2334 a
1133 2274 1321 2361 septentrione
1337 2274 1518 2336 Armeniam

480 2363 514 2422 ἔθ’
534 2360 776 2442 Cappadociam,
800 2387 818 2423 a
837 2362 952 2423 meridie
972 2359 1069 2422 finum
1086 2361 1263 2423 Arabicum.
1284 2362 1357 2424 Situs
1376 2363 1432 2424 eius
1446 2379 1517 2445 par-

479 2459 570 2512 rmus
583 2451 611 2512 in
626 2451 788 2540 immensam
802 2451 1010 2533 longitudinum,
1024 2452 1053 2512 in
1068 2449 1125 2512 lato
1139 2451 1292 2533 angustior.
1310 2449 1412 2513 Habet
1423 2469 1517 2513 autem

479 2539 553 2626 inse
574 2541 741 2622 prouincias
761 2540 1016 2621 Commagenam,
1043 2537 1242 2616 Phoenicium,
1262 2541 1297 2601 {d
1318 2538 1517 2616 Palaestinam,

479 2627 557 2690 cuius
568 2643 641 2710 pars
654 2631 693 2709 est
704 2627 808 2690 ludaea
821 2629 923 2780 alpque
938 2623 1107 2690 Sarraceiris
1122 2628 1156 2688 id
1169 2627 1347 2690 Nabatheis.
1364 2627 1516 2691 Comma-

479 2737 567 2801 gena,
574 2717 673 2799 prima
681 2717 833 2800 provincia
863 2718 944 2801 yriae,
952 2741 971 2778 a
982 2715 1347 2798 vacabuloCommagenae
1355 2717 1432 2779 urbis
1443 2739 1515 2776 nun-

480 2820 594 2888 cupata,
609 2830 671 2888 quae
685 2807 822 2889 quondam
837 2807 877 2869 ibi
889 2805 1044 2888 metropolis
1058 2806 1225 2866 habebatur.
1243 2804 1343 2868 Huius
1355 2806 1514 2894 estseptm·

480 2895 567 2956 triane
579 2894 780 2974 Armeniaab
792 2911 854 2958 ortu
867 2894 1107 2976 Mesopotamia,
1117 2917 1135 2955 a
1147 2894 1262 2956 meridie
1271 2894 1366 2976 Syria,
1373 2897 1410 2956 ab
1419 2895 1514 2984 occasu

480 3003 564 3045 mare
580 2981 742 3064 Magnum.
764 2983 897 3061 Phanis,
912 2982 1016 3044 Cadmi
1025 2983 1144 3066 frater,
1162 2983 1195 3042 de
1209 2982 1331 3045 Thebis
1348 2982 1513 3066 AEgyptio-

480 3094 548 3133 rum
563 3072 590 3134 in
606 3072 721 3154 Syriam
733 3071 885 3154 prosumus,
905 3072 986 3154 apud
1000 3071 1145 3134 Sidonem
1167 3074 1311 3152 regnavit,
1325 3094 1437 3152 eamque
1447 3087 1515 3153 pre·

481 3162 605 3224 vinciam
618 3186 651 3223 ex
661 3161 824 3250 nominesaa
839 3159 1029 3224 Pboeniciam
1041 3161 1208 3244 appellavit.
1225 3159 1293 3249 Ipsa
1304 3161 1344 3243 est
1354 3161 1403 3222 ubi
1409 3159 1513 3241 Tyrus

479 3253 526 3332 est,
537 3251 580 3313 ad
590 3273 675 3331 qaam
686 3249 791 3338 Esaias
804 3250 927 3329 loquitur
943 3249 1015 3332 [cap.
1026 3247 1129 3330 xxm).
1146 3247 1248 3310 Habet
1262 3263 1353 3310 autem
1364 3252 1401 3310 ab
1413 3250 1514 3311 oriente

480 3341 660 3417 Arabiam,a
671 3339 786 3401 meridie
797 3358 878 3400 mare
891 3337 1040 3400 Rubrum.
1054 3336 1210 3399 Palaestina
1217 3339 1369 3419 provincia
1378 3335 1513 3400 Philistin

479 3431 576 3491 urbem
599 3428 769 3510 metropolim
792 3426 901 3505 babuit,
921 3450 983 3508 qua
1006 3449 1079 3489 nunc
1099 3427 1205 3488 dicitur
1231 3425 1378 3489 Ascalon:
1403 3452 1435 3490 ex
1459 3451 1514 3508 pua

478 3519 593 3580 civitate
608 3519 693 3579 amnis
706 3517 784 3578 circa
798 3539 859 3578 eam
870 3516 946 3597 regia
961 3514 1117 3578 Palaestina
1130 3517 1167 3600 est
1181 3531 1353 3600 nuncupata.
1364 3515 1465 3578 Huius
1478 3519 1514 3577 ab

478 3608 579 3670 oriente
589 3627 673 3668 mare
685 3606 825 3667 Rubrum
841 3607 972 3683 accurrit,
991 3605 1179 3668 ameridiano
1193 3605 1282 3667 latere
1297 3601 1400 3666 ludaea
1413 3607 1515 3687 excipi·

477 3711 536 3774 tar,
550 3721 568 3758 a
574 3695 792 3784 septentrionali
803 3695 894 3776 plaga
904 3693 1075 3777 Tyriorum
1078 3693 1186 3778 finibus
1198 3694 1355 3772 clauditur,
1367 3696 1403 3756 ab
1418 3696 1513 3796 assasse

478 3785 627 3868 AEgyptio
651 3783 736 3846 limita
755 3784 934 3845 terminatur.
950 3781 1063 3860 Iudaea,
1084 3784 1159 3864 regia
1179 3781 1342 3845 Palaestinae
1361 3808 1394 3845 er
1407 3807 1515 3846 nomme

478 3875 560 3936 luda
575 3872 730 3956 appellata,
742 3895 774 3933 ex
788 3873 864 3935 cuias
878 3873 955 3934 triba
970 3897 1047 3954 reges
1061 3871 1166 3934 babuit.
1183 3870 1260 3935 Hac
1273 3873 1355 3954 prius
1365 3871 1512 3935 chanaan

477 3963 551 4024 dista
575 3963 622 4040 esi,
642 3985 661 4023 a
680 3960 737 4034 filia
759 3957 859 4038 Cbam,
870 3960 937 4046 stus
957 3986 975 4022 a
998 3961 1086 4022 decem
1111 3960 1340 4022 Chananaearum
1365 3961 1513 4042 gentibus,-

477 4051 575 4132 quibus
588 4047 719 4134 expulsts,
732 4049 848 4110 eandem
862 4064 971 4111 terram
987 4049 1081 4110 Iudai
1089 4047 1278 4133 paffederunt
1294 4048 1410 4110 Initium
1424 4047 1514 4130 longi-

477 4139 581 4203 tudinis
597 4139 654 4202 eius
669 4163 687 4200 a
702 4138 764 4200 vica
778 4137 852 4199 Arfa
867 4139 950 4226 usque
965 4137 1007 4198 ad
1020 4138 1116 4200 vicum
1135 4131 1287 4198 Iuliadem
1298 4136 1470 4218 porrigitur,
1485 4136 1513 4196 in

477 4251 528 4310 qua
560 4229 723 4289 ludaeorum
746 4226 862 4310 pariter
893 4227 927 4288 ὅ
960 4223 1112 4308 Tyriorum
1138 4226 1286 4288 communis
1312 4225 1447 4286 habitatio
1470 4228 1513 4310 fi.

478 4315 612 4380 Latitudo
626 4331 718 4379 autem
733 4317 789 4378 eius
803 4341 822 4378 a
836 4330 923 4377 manta
939 4313 1049 4376 Libani
1066 4316 1149 4402 usqae
1164 4315 1207 4378 ad
1220 4313 1395 4377 Tiberiadis
1410 4313 1514 4376 lacum
