3396 5708
491 504 557 613 136
939 507 1045 609 (417)

486 750 521 813 ad
538 750 619 814 fores
630 747 729 812 sanate
741 747 890 812 Anasteos
902 747 965 834 (fic)
982 747 1121 831 vigilans,
1132 748 1162 810 in
1171 748 1308 811 oratione
1317 745 1522 829 pemoblabat

487 838 626 921 usquead
639 859 706 900 eam
717 840 823 901 horam
835 838 865 900 in
878 858 938 919 qua
948 838 1042 900 ceteri
1053 838 1090 898 ad
1106 834 1294 920 psallendum
1304 835 1521 899 convenirent.

487 924 597 1014 Quum
613 943 714 989 autem
729 926 816 988 turba
836 925 864 988 se
885 921 1101 1008 congregasset,
1119 923 1180 1006 ipsa
1193 924 1338 988 recedens
1357 923 1521 1006 paululum

485 1015 590 1079 somno
606 1018 689 1100 quod
705 1031 811 1078 natura
830 1015 970 1098 exigebat
985 1013 1170 1096 indulgebat,
1191 1013 1221 1076 δι
1239 1014 1351 1076 iterum
1365 1033 1521 1096 exurgens

486 1104 633 1182 diluculo,
646 1103 791 1167 consueto
803 1123 895 1186 opere
908 1101 1067 1182 insistebat,
1082 1119 1115 1164 ut
1129 1102 1272 1165 omnibus
1287 1102 1368 1166 horis
1382 1123 1449 1164 non
1464 1096 1522 1164 nisi

486 1193 568 1273 quod
585 1193 731 1274 placitum
748 1190 820 1255 esset
834 1209 945 1276 ageret.

529 1306 541 1338 ‹
562 1277 756 1344 Inruentibus
780 1301 854 1342 vero
875 1282 906 1343 in
927 1280 1028 1364 Spania
1046 1282 1181 1364 partibus
1201 1281 1343 1360 barbaris,
1366 1278 1522 1342 remanse-

487 1385 558 1432 runt
579 1391 674 1452 pauce
697 1368 888 1452 possessiones
913 1389 989 1452 quas
1011 1385 1136 1451 propter
1152 1370 1357 1452 inruptionem
1381 1367 1523 1431 hostium

486 1457 628 1521 distraere
642 1480 704 1520 non
720 1473 895 1540 potuerunt.
910 1457 1071 1540 Tempore
1085 1472 1186 1520 autern
1201 1478 1273 1520 curn
1287 1480 1344 1539 pax
1360 1456 1439 1520 locis
1451 1459 1523 1520 red-

487 1545 550 1608 dita
561 1543 668 1624 fuisset,
680 1545 839 1608 destinavit
851 1545 1053 1608 fidelissimum
1067 1567 1105 1608 ex
1121 1547 1211 1609 servis
1224 1546 1292 1624 suis,
1307 1547 1366 1608 iam
1376 1546 1524 1624 liveram,

487 1635 538 1718 qui
555 1634 696 1717 ingressus
711 1638 741 1697 in
757 1634 901 1718 predidlis
916 1634 1090 1718 regionibus
1104 1635 1257 1718 quandam
1279 1650 1395 1716 partem
1408 1632 1523 1717 polles-

487 1721 603 1786 stonum
619 1721 735 1785 festinat
754 1721 903 1802 distraere,
917 1745 954 1785 ex
970 1722 1080 1804 quibus
1090 1744 1154 1784 non
1170 1743 1262 1804 parvo
1273 1721 1404 1785 collecto
1418 1724 1521 1806 pretio

488 1827 641 1874 revertens
662 1811 710 1873 his
731 1811 837 1874 defert.
863 1809 960 1898 Quod
977 1811 1084 1873 videns
1105 1811 1277 1891 beatissima,
1297 1809 1380 1895 quali
1402 1833 1444 1874 ex
1464 1833 1522 1875 ore

488 1898 586 1961 leonis
607 1915 757 1981 ereptum,
775 1899 886 1982 gratias
900 1919 992 1981 agens
1008 1898 1090 1978 Deo,
1104 1899 1253 1963 continuo
1273 1901 1377 1962 omnia
1389 1902 1422 1962 in
1439 1921 1521 1984 opus

489 1987 552 2050 Dei
567 1986 769 2050 distribuenda
784 1986 926 2070 disponit,
946 1986 975 2049 ἃ
996 1988 1071 2050 dicit
1089 1987 1125 2050 ad
1148 1986 1232 2049 suum
1247 1987 1387 2051 fratrem:
1407 2015 1422 2046 ι
1449 1989 1520 2051 Do-

490 2100 503 2133 «
521 2076 604 2137 mine
618 2096 714 2155 meus,
728 2074 801 2138 volo
815 2093 849 2139 ut
863 2097 968 2138 eamus
983 2076 1013 2137 in
1028 2076 1141 2159 Egypto,
1156 2076 1187 2138 δι
1199 2076 1357 2139 videamus
1372 2077 1520 2140 dominos

491 2162 638 2226 ‹nostros
657 2163 687 2226 ἃ
709 2162 826 2227 sanctos
841 2164 939 2227 servos
954 2162 1016 2226 Dei
1037 2185 1091 2244 per
1110 2166 1269 2227 heremum
1287 2165 1472 2244 habitantes,
1485 2181 1520 2229 ut

490 2278 503 2311 ι
523 2273 576 2335 per
594 2248 740 2314 visionem
759 2251 957 2316 &orationes
978 2273 1086 2314 eorum
1102 2251 1336 2315 misericordiam
1350 2253 1520 2338 consequa·

491 2360 591 2401 «mur
613 2365 637 2402 ›.
660 2339 847 2402 Beatiffimus
870 2360 942 2402 vero
964 2340 1090 2404 audiens
1111 2362 1173 2402 non
1195 2341 1253 2404 fuit
1272 2344 1459 2421 contrarius,
1479 2341 1522 2404 set

489 2449 561 2491 cum
575 2428 686 2511 gaudio
699 2427 802 2490 fabens
814 2428 902 2490 dictis
917 2428 980 2490 eius
996 2449 1161 2510 properare
1175 2428 1333 2492 consentit.
1357 2429 1522 2513 Exurgen-

490 2517 642 2598 tetigitur
657 2516 785 2598 profecti
800 2514 867 2577 sunt
878 2516 908 2578 in
919 2517 1066 2598 Egyptum,
1081 2516 1110 2579 dr
1126 2516 1352 2600 peregrinantes
1366 2519 1520 2582 monaste-
1538 2523 1624 2586 l·²50=³
1634 2525 1675 2570 Η

490 2605 534 2667 ria
556 2604 728 2669 sandlorum
753 2605 975 2666 monachorum
996 2603 1027 2667 δι
1046 2606 1210 2688 virginum,
1224 2604 1400 2690 dispergunt
1421 2609 1525 2672 omnia

490 2691 613 2775 singulis
633 2707 724 2774 prout
741 2693 852 2775 cuique
868 2713 945 2772 opus
962 2709 1034 2755 erat.
1052 2691 1093 2754 Et
1107 2694 1179 2775 quia
1195 2695 1255 2756 hoc
1270 2693 1296 2756 ei
1312 2711 1377 2757 erat
1391 2693 1524 2756 studium

491 2802 546 2863 pro
571 2779 700 2842 aliorum
724 2778 880 2861 refrigerio
905 2778 1020 2862 semper
1043 2777 1101 2843 esse
1118 2780 1290 2861 sollicitum,
1315 2800 1466 2845 venerunt
1487 2782 1523 2844 ad

491 2869 644 2952 quendam
664 2866 875 2930 sanctissimum
889 2869 999 2948 virum,
1012 2869 1086 2931 ficut
1103 2869 1165 2952 ipsa
1184 2871 1273 2932 nobis
1287 2871 1402 2933 referre
1417 2871 1524 2954 digna-

491 2957 722 3036 batur,nomine
732 2953 1095 3041 Effessionem.Adquem
1106 2978 1177 3019 cum
1187 2959 1302 3041 ingressi
1312 2957 1445 3037 fuissent,
1460 2959 1525 3041 poss

492 3046 663 3108 orationem
686 3046 769 3126 cepit
789 3042 888 3106 saneta
911 3061 1073 3128 rogarent
1094 3067 1207 3128 paucos
1222 3067 1329 3110 aureos
1348 3049 1378 3109 in
1402 3045 1524 3110 huhbus

492 3133 551 3197 suis
576 3135 623 3196 his
648 3131 872 3215 offserlentibus
897 3133 1035 3214 accipere
1061 3133 1244 3215 dignaretur.
1273 3132 1342 3220 Qui
1365 3133 1429 3196 alto
1447 3135 1524 3218 pede

492 3221 623 3285 resiliens
637 3219 804 3302 reppellere
825 3218 927 3282 oblata
941 3242 998 3283 nec
1013 3217 1065 3282 sthi
1081 3218 1278 3283 necessarium
1293 3221 1352 3285 esse
1367 3244 1480 3285 aurum
1495 3225 1523 3284 in

493 3309 614 3372 husrbus
628 3309 785 3372 fatebatur.
801 3309 845 3370 At
860 3329 955 3391 quum
971 3307 1055 3370 nulla
1076 3331 1167 3392 prece
1186 3309 1360 3372 flecteretur
1373 3313 1525 3394 accipere,

494 3413 617 3482 rogatus
630 3397 751 3460 interim
767 3413 801 3458 ut
816 3396 1084 3480 proficiscentibus,
1098 3398 1172 3460 ficut
1186 3419 1254 3462 mos
1264 3414 1340 3476 erat,
1350 3401 1525 3462 orationem

494 3488 566 3549 dare
588 3485 714 3548 iuberet.
737 3483 778 3547 Et
791 3507 888 3569 quum
908 3484 958 3546 ille
978 3507 1092 3568 pronus
1107 3487 1138 3548 in
1153 3486 1261 3549 sacient
1278 3485 1454 3550 Dominum
1470 3509 1525 3572 pro

494 3574 562 3657 ipsis
576 3590 686 3652 oraret,
700 3572 800 3635 saneta
818 3572 975 3656 perlustrat
994 3573 1046 3635 ubi
1062 3573 1182 3637 occulte
1196 3575 1347 3658 relinquat
1362 3577 1525 3658 pecuniam

494 3683 586 3747 quarn
599 3661 730 3726 oblatam
744 3661 1008 3744 reppuleratnicil
1020 3659 1140 3745 prorsus
1155 3661 1213 3726 tale
1223 3665 1358 3726 occurrit
1367 3664 1441 3747 quia
1452 3663 1526 3728 nicil

496 3752 578 3835 quod
601 3752 648 3813 vir
663 3745 780 3812 sanetus
801 3750 961 3832 possideret
975 3751 1005 3813 in
1020 3750 1132 3813 cellula
1146 3751 1313 3814 habebatur
1328 3749 1384 3815 nist
1406 3770 1525 3816 tantum

495 3853 591 3900 matta
603 3839 635 3900 in
650 3859 711 3921 qua
725 3839 843 3900 iacebat
857 3838 886 3901 ἃ
899 3839 929 3901 in
942 3839 1054 3922 angulo
1073 3861 1163 3901 unam
1175 3839 1348 3922 sportellam
1362 3862 1436 3903 cum
1452 3863 1526 3925 pau-

495 3928 539 3990 cis
549 3925 822 4010 paximaciis&vas
830 3949 901 3989 cum
908 3926 966 3990 sale
974 3928 1107 4007 modico,
1115 3930 1198 4011 quod
1206 3929 1256 3991 vix
1268 3931 1525 4012 repperiensbea-

498 4013 604 4077 tissima
615 4035 728 4097 paucos
743 4013 854 4079 solidos
874 4017 977 4078 obruit
993 4015 1033 4095 dc,
1047 4032 1173 4099 accepta
1187 4018 1337 4096 oratione,
1351 4016 1526 4081 festinanter

497 4103 694 4252 tttslll
706 4123 765 4252 ..si
782 4101 1328 4255 sil“bailliisfi‘lsslwhsslih
1340 4106 1524 4256 ‘thl‘ss‘s

498 4276 648 4364 cogitaret
669 4211 952 4360 piccesheaiiffime
969 4300 1044 4362 quas
1065 4212 1111 4342 iglli
1122 4295 1156 4343 ut
1175 4214 1329 4363 accspcret
1343 4283 1660 4364 proferebattapaela
