3354 5706
475 526 543 605 134
763 525 986 580 ANTONINUS
1011 527 1185 580 MARTYR

507 741 552 805 lbi
574 743 656 805 enim
677 743 836 826 requiescit
854 741 1045 823 Athanasius,
1067 742 1157 827 ipsius
1180 745 1312 808 civitatis
1331 743 1514 827 episcopus,

467 833 518 914 qui
540 848 647 894 contra
667 833 810 911 Arrium,
836 833 1035 915 presbiterum
1057 831 1147 916 ipsius
1168 834 1300 896 civitatis
1321 834 1515 910 hereticum,

467 942 523 1002 pro
548 919 607 981 lide
633 920 744 984 Christi
770 923 915 983 certando
942 921 1037 983 multa
1066 921 1202 1004 pericula
1230 923 1337 983 mortis
1365 919 1516 982 sustinuit

466 1008 654 1090 temporibus
681 1010 873 1072 Constantini
900 1011 1103 1092 imperatoris,
1129 1010 1249 1072 Helene
1278 1008 1352 1070 lilio.
1380 1007 1514 1070 Ibidem

466 1095 626 1179 requiescit
648 1097 765 1160 sanetus
787 1097 912 1160 Faustus
934 1098 964 1160 &
985 1099 1102 1162 sandius
1121 1098 1307 1182 Epymacus,
1332 1098 1361 1160 ὅτ
1383 1097 1515 1161 sanetus

466 1187 622 1249 Antonius
644 1185 691 1246 vel
714 1185 831 1248 sanstus
848 1186 989 1265 Maurus,
1010 1187 1040 1249 &
1062 1187 1120 1249 alia
1135 1189 1232 1250 multa
1246 1188 1418 1250 sanslorum
1433 1209 1516 1248 cor·

466 1296 548 1359 pora.
576 1273 692 1337 lterum
719 1276 876 1336 venientes
905 1274 1143 1338 Hierosolimam
1174 1277 1225 1338 ubi
1263 1298 1319 1360 ego
1348 1298 1421 1359 eger
1453 1297 1516 1356 per

465 1365 597 1427 multum
612 1380 732 1445 tempus
747 1364 836 1442 iacui,
851 1363 1019 1446 usquedum
1041 1367 1102 1427 vidi
1123 1388 1177 1448 per
1199 1363 1346 1428 visionem
1365 1365 1514 1426 santium

468 1454 642 1515 Antonium
658 1451 687 1514 δι
702 1452 822 1514 beatam
837 1451 1021 1532 Eusemiam,
1043 1457 1094 1537 qui
1118 1476 1166 1516 me
1186 1456 1298 1537 pariter
1313 1455 1515 1515 sanaverunt.

468 1539 608 1625 Egressus
631 1543 668 1602 de
684 1540 890 1603 Hierosolima
911 1543 978 1604 veni
995 1540 1125 1625 Ioppen,
1139 1545 1189 1606 ubi
1207 1547 1284 1606 iacet
1300 1543 1399 1606 sarissa
1413 1543 1515 1605 Tha-

467 1631 539 1707 bita,
548 1652 606 1712 que
619 1630 731 1691 dicitur
742 1629 893 1692 Dorchas.
907 1629 1032 1692 Deinde
1040 1632 1178 1694 venimus
1188 1631 1347 1696 Cesaream
1357 1630 1514 1714 Philippi,

467 1741 527 1800 que
543 1720 633 1781 turris
649 1716 805 1796 Stratonis,
820 1741 879 1800 que
895 1718 1065 1782 &Cesarea
1078 1718 1224 1782 Palestine
1240 1738 1375 1782 vocatur.
1392 1717 1428 1781 In
1442 1741 1515 1801 qua

465 1810 625 1892 requiescit
646 1808 764 1872 sandius
780 1808 935 1892 Pamplius
958 1811 988 1873 &
1010 1811 1126 1874 sanstus
1140 1811 1364 1894 Procopius&
1383 1811 1515 1872 sandius

467 1899 641 1976 Cornelius,
662 1921 699 1960 ex
714 1901 801 1962 cuius
823 1900 903 1962 lesio
918 1900 1165 1962 benedislionem
1188 1902 1322 1964 tulimus.
1348 1899 1426 1962 lride
1449 1921 1515 1981 per

467 1985 622 2050 Galileam
644 1986 842 2066 ascendimus,
862 1988 1045 2052 &venimus
1063 1989 1248 2052 Damascum
1272 1990 1323 2052 ubi
1338 1990 1380 2052 est
1395 2011 1516 2051 mona-

466 2075 587 2136 sterium
599 2076 650 2136 ubi
664 2075 781 2138 sanstus
795 2075 904 2138 Paulus
916 2078 1076 2141 conversus
1089 2079 1140 2157 esl,
1153 2080 1182 2140 in
1195 2080 1297 2141 vicum
1309 2080 1361 2161 qui
1374 2096 1515 2140 vocatur

465 2165 576 2243 redluS,
592 2166 621 2226 in
636 2187 699 2247 quo
715 2164 811 2226 multe
825 2167 952 2228 virtutes
967 2164 1052 2228 fiunt.

506 2253 630 2316 Deinde
644 2254 783 2314 venimus
798 2251 946 2334 Eliopoli,
962 2253 1076 2316 &inde
1092 2257 1231 2318 venimus
1248 2254 1370 2334 Emiza,
1392 2255 1442 2317 ubi
1463 2253 1515 2317 est

465 2358 557 2424 caput
569 2340 659 2403 sansli
675 2339 820 2404 lohannis
835 2343 968 2425 Baptiste
982 2345 1012 2405 in
1028 2345 1112 2407 dolio
1128 2348 1237 2425 vitreo,
1258 2346 1359 2409 &nos
1374 2346 1414 2408 ibi
1431 2365 1515 2406 eum

465 2431 546 2493 intus
564 2431 696 2492 vidimus
717 2429 747 2493 dr
769 2432 972 2494 adoravimus.
995 2432 1037 2494 Et
1059 2435 1129 2496 inde
1153 2435 1337 2499 transeuntes
1354 2459 1408 2518 per
1427 2436 1516 2497 civi-

465 2535 550 2597 tateS,
575 2520 635 2581 hoc
660 2517 702 2578 est
724 2540 777 2600 per
797 2516 904 2597 Arilla,
931 2521 1064 2583 Aristosa
1089 2522 1119 2584 δι
1140 2521 1334 2606 Epiphariici,
1361 2525 1514 2586 venimus

465 2609 494 2669 iii
517 2609 672 2670 civitatem
699 2606 962 2688 splendidissimam
978 2611 1185 2694 Ampamiam,
1211 2614 1241 2675 in
1264 2635 1324 2697 qua
1345 2615 1388 2676 est
1401 2614 1515 2677 omnis

464 2697 607 2759 nobilitas
623 2697 775 2780 Syrorum.

504 2781 580 2846 Inde
603 2804 748 2849 exeuntes
771 2788 910 2850 venimus
926 2789 1126 2852 Antiochiam
1150 2792 1296 2853 maiorem
1322 2791 1432 2874 inqua
1457 2815 1516 2855 re-

465 2873 591 2955 quiescit
612 2875 729 2938 sanslus
746 2875 887 2957 Babyllas
908 2877 1079 2961 episcopus,
1094 2879 1124 2942 &
1139 2896 1198 2943 tres
1215 2880 1342 2963 parvuli,
1358 2879 1387 2942 δι
1402 2881 1516 2944 saneta

464 2959 587 3042 lustina,
611 2964 641 3027 δι
666 2965 783 3027 santius
808 2962 960 3045 Iulianus,
985 2966 1015 3029 δι
1040 2969 1146 3031 fratres
1173 2969 1350 3047 Machabei,
1375 2971 1435 3031 hoc
1462 2971 1516 3032 est

464 3051 579 3135 septem
600 3053 758 3136 sepulchra
779 3053 909 3137 &super
927 3055 1158 3139 uniuscuiusque
1180 3056 1372 3139 sepulchrum
1394 3057 1515 3140 scripte

464 3142 531 3204 sunt
552 3142 698 3224 passiones
720 3143 851 3204 illorum.
874 3143 995 3207 Exinde
1016 3145 1226 3210 descendimus
1242 3145 1515 3229 Mesopotamiam

464 3231 494 3291 in
517 3232 640 3293 civitate
663 3231 821 3295 Chalcida.
842 3230 918 3294 Inde
941 3235 1080 3298 veniiiius
1104 3236 1239 3314 Carran,
1260 3236 1311 3298 ubi
1334 3254 1423 3300 natus
1444 3239 1517 3304 suit

465 3319 628 3380 Abraham.
652 3318 693 3382 Et
713 3322 784 3382 inde
806 3323 946 3385 venimus
967 3324 997 3384 in
1024 3324 1146 3386 civitate
1170 3323 1349 3403 Barbarillo‚
1375 3326 1425 3388 ubi
1451 3350 1515 3391 re-

466 3407 592 3490 quiescit
607 3407 725 3472 sanstus
741 3409 890 3488 Bacchus,
906 3410 996 3473 frater
1013 3410 1105 3474 sansli
1121 3411 1254 3496 Giorgij.
1270 3409 1346 3475 lnde
1360 3417 1516 3483 venimus

466 3501 496 3560 in
522 3499 644 3560 civitate
670 3497 783 3577 Suran‚
809 3521 862 3580 per
887 3521 979 3583 quam
1006 3502 1139 3562 mediam
1164 3502 1320 3564 civitatem
1345 3503 1514 3570 descendit

465 3588 575 3650 fluvius
590 3585 742 3665 Eufrates,
767 3588 820 3669 qui
845 3589 959 3650 ibidem
984 3610 1037 3671 per
1060 3607 1186 3671 pontem
1210 3587 1357 3654 transitur.
1384 3591 1418 3654 lii
1440 3594 1517 3676 ipsa

466 3677 589 3739 civitate
607 3675 676 3758 passi
703 3674 769 3738 sunt
793 3675 910 3739 sanetus
925 3675 1064 3742 Bacchus
1091 3679 1119 3740 se
1145 3680 1262 3743 sanetus
1278 3679 1436 3764 Giorgius,
1462 3683 1517 3749 set

467 3765 584 3827 sandius
600 3763 750 3846 Giorgius
767 3765 797 3825 in
812 3767 935 3828 civitate
950 3767 1037 3849 Tyra
1052 3766 1219 3852 requiescit.
1235 3769 1331 3830 Tunc
1347 3792 1400 3852 per
1419 3787 1518 3838 tanta

468 3852 590 3915 &talia
610 3853 742 3914 vidimus
764 3853 832 3916 loca
853 3854 883 3916 in
906 3855 1061 3918 miraculis
1085 3854 1189 3939 posita.
1213 3857 1334 3920 Reversi
1358 3857 1424 3940 post
1444 3881 1515 3924 nos

469 3963 522 4024 per
547 3939 644 4002 multa
667 3941 798 4021 castella,
824 3964 878 4025 per
903 3944 1026 4026 plateas,
1050 3948 1150 4024 vicos,
1177 3945 1272 4024 villas,
1286 3945 1334 4007 vel
1355 3947 1517 4028 civitates,

469 4030 582 4111 fatigati
603 4052 641 4091 ex
663 4045 724 4093 tam
739 4033 832 4116 longo
854 4035 971 4110 itinere,
986 4036 1125 4116 cepimus
1143 4035 1251 4097 iterum
1266 4056 1388 4117 carpere
1408 4041 1518 4098 trans·

470 4135 575 4180 euntes
588 4141 681 4198 mare,
692 4122 831 4184 venimus
843 4118 962 4185 Italiam
975 4125 1129 4206 propriam
1149 4125 1314 4208 regionem.
1327 4124 1516 4189 Adiuvante

472 4207 612 4270 Domino
634 4206 721 4271 lhesu
736 4211 858 4274 Christo
880 4212 994 4290 iiostr0,
1017 4235 1071 4294 pro
1091 4215 1178 4276 cuius
1194 4235 1296 4275 amore
1311 4213 1348 4274 ab
1363 4214 1420 4276 hac
1435 4212 1516 4279 loca

472 4296 572 4378 egressi
595 4299 757 4380 providere
778 4299 900 4377 ivimus5
920 4315 982 4361 ram
1005 4299 1055 4361 sua
1080 4301 1230 4363 mirabilia
1255 4322 1314 4382 que
1339 4300 1400 4382 ipse
1425 4301 1516 4367 inter

472 4385 613 4448 homines
638 4385 777 4450 habitans
800 4387 881 4467 sccii,
905 4387 1114 4452 &beatorum
1139 4389 1345 4474 apostolorum
1369 4390 1418 4452 vel
1444 4413 1514 4476 que
