3390 5720
507 478 553 554 68
913 497 1150 552 szononus

508 715 845 788 demonstrationem:
873 724 1039 809 Potensest
1056 722 1142 786 Deus
1163 720 1200 786 de
1222 718 1372 810 lapidibus
1396 721 1547 812 {bissus-

508 827 699 915 cr'mrefilr'os
711 827 848 894 olbrrlre.
868 828 903 894 ln
917 823 1042 894 Psalmo
1056 823 1192 920 legitur:
1215 827 1298 918 Quid
1310 827 1349 914 est
1361 826 1431 912 tibi,
1450 851 1548 913 mirre,

507 935 588 1022 quod
596 935 723 1025 fugisti,
743 932 833 1018 bnt,
852 934 1005 1018 lordonis,
1028 936 1100 1022 quio
1122 932 1334 1023 conversusest
1355 934 1550 1026 retrorsum?

509 1039 562 1107 De
579 1037 714 1126 lerich0,
733 1034 788 1107 ubi
806 1059 873 1108 etat
888 1040 993 1108 domus
1012 1040 1099 1131 Ritab
1120 1033 1305 1132 publicane,
1330 1061 1395 1131 que
1416 1039 1552 1134 excepit

509 1143 741 1240 exploratores,
754 1142 854 1240 usque
867 1141 910 1214 ad
916 1149 1036 1236 forrum
1045 1145 1165 1238 Heliset’
1178 1142 1278 1213 millia
1289 1140 1366 1213 duo
1381 1143 1549 1215 Memoria

510 1251 610 1321 saneti
627 1249 748 1320 Helilei
759 1248 805 1321 ibi
819 1250 874 1340 est,
888 1247 942 1320 ubi
957 1249 1085 1320 fontem
1100 1248 1191 1319 illum
1205 1247 1380 1341 benedixit,
1394 1251 1430 1320 ἃ
1450 1251 1549 1348 supet

508 1357 577 1453 ipsa
595 1359 755 1427 memoria
772 1353 905 1427 ecclesia
925 1354 1083 1427 fabricata
1099 1355 1152 1426 est.

555 1471 647 1558 niger
666 1470 806 1552 Domini,
827 1465 883 1559 qui
898 1462 942 1534 est
966 1463 1000 1534 in
1026 1462 1180 1560 Galgala,
1209 1465 1359 1562 irrigatur
1382 1462 1427 1534 de
1451 1464 1548 1536 fonte

507 1569 650 1641 Helilei:
676 1567 733 1640 ubi
750 1572 917 1642 Dominus
944 1570 1024 1640 lesus
1043 1567 1189 1639 Christus
1216 1595 1320 1640 unum
1346 1570 1474 1640 sulcum
1503 1569 1547 1642 de

506 1701 608 1748 manu
628 1677 684 1746 lua
704 1677 828 1769 atavit3
853 1677 932 1747 levit
954 1674 1026 1771 plus
1047 1675 1154 1746 minus
1175 1673 1308 1746 modios
1330 1676 1391 1746 sex.
1425 1677 1548 1748 Seritur

506 1783 617 1854 mense
633 1781 816 1854 februarioa
831 1781 959 1853 medius
975 1783 1043 1878 ipse
1059 1807 1149 1879 ager,
1166 1785 1201 1852 &
1222 1785 1255 1853 in
1283 1808 1365 1854 cena
1382 1781 1547 1853 Dominib

505 1889 650 1986 populus
667 1890 724 1961 illo
744 1915 831 1986 pane
849 1889 1122 1961 communicatur.
1148 1889 1182 1959 lit
1200 1889 1264 1960 alia
1279 1887 1450 1979 medietas,
1467 1915 1547 1960 etun

507 1996 644 2068 collecia
672 1997 777 2088 fuerit,
806 2019 912 2068 aratur
937 2000 972 2066 ὅ(
1006 2021 1081 2065 cum
1106 1995 1170 2066 alia
1195 1994 1296 2067 melle
1322 1999 1474 2068 occurrit.
1501 1996 1546 2068 lbi

507 2104 551 2174 est
577 2106 612 2174 ὅ(
636 2104 719 2194 vitis,
744 2128 845 2199 quam
874 2105 1039 2175 Dominus
1071 2102 1240 2198 plantavit,
1272 2105 1398 2198 quein
1430 2128 1546 2200 pente-

507 2210 595 2283 coste
612 2211 751 2281 fustium
768 2235 933 2281 maturum
951 2208 1018 2301 dat,
1035 2212 1071 2280 ἃ
1091 2207 1168 2280 inde
1190 2210 1224 2280 in
1241 2210 1430 2307 pentecoste
1448 2235 1544 2281 com·

507 2318 702 2388 municatur.
722 2316 1050 2414 Constantinopolim
1064 2314 1180 2388 exinde
1194 2341 1262 2388 tam
1276 2315 1319 2388 de
1331 2343 1427 2415 agro,
1442 2342 1545 2412 quam

510 2423 553 2496 de
569 2426 635 2496 vite
652 2425 874 2496 transmittitur
889 2425 948 2494 suo
967 2448 1102 2519 quoque
1119 2447 1277 2519 tempore.

303 2559 376 2605 totu·
389 2555 497 2619 sapiunt.
558 2531 622 2602 XV
624 2534 656 2602 ll.
684 2535 717 2601 ln
734 2528 823 2622 loco,
842 2535 891 2601 ubi
916 2536 1068 2601 Dominus
1085 2534 1251 2624 baptisatus
1268 2537 1318 2624 est,
1345 2525 1390 2600 ibi
1416 2531 1461 2601 est
1488 2557 1544 2602 co·

509 2639 622 2710 lumna
638 2663 823 2709 marmorea
847 2640 882 2708 ἃ
910 2639 943 2708 in
969 2637 1038 2733 ipsa
1064 2661 1141 2707 crux
1158 2637 1270 2709 ferrea.
1300 2633 1345 2708 lbi
1361 2635 1407 2706 est
1423 2641 1544 2732 eccleficr

303 2772 479 2846 ueritatis·
500 2749 606 2840 sanat
625 2751 766 2817 lobannis
792 2749 937 2840 baptiste,
961 2769 1063 2839 quam
1085 2741 1256 2816 fabricavit
1276 2741 1460 2815 Anastafius
1481 2745 1544 2814 im·

335 2837 416 2884 *¹⁸³⁰*
433 2836 458 2882 Β·
509 2875 652 2948 perator,
667 2853 762 2948 super
774 2876 920 2922 cameras
932 2848 1082 2922 edificata
1094 2852 1127 2920 in
1138 2849 1265 2922 excelso
1274 2874 1411 2948 propter
1418 2875 1544 2922 metum

509 2956 652 3036 fluminis
670 2957 872 3049 inundantis,
888 2959 923 3030 in
947 2982 1012 3053 qua
1032 2953 1166 3028 ecclesia
1190 2957 1347 3028 monachi
1374 2983 1545 3030 motantur

509 3065 605 3137 lenos
627 3063 748 3136 solidos
763 3091 783 3136 a
798 3063 876 3134 fisco
891 3090 950 3162 per
967 3089 1094 3136 annum
1110 3063 1306 3159 accipientes
1325 3088 1386 3159 pro
1403 3064 1472 3136 vita
1489 3065 1543 3136 lua

511 3169 726 3268 transigenda.
744 3169 812 3244 Ubi
824 3173 988 3242 Dominus
1003 3169 1185 3266 baptizatus
1200 3170 1244 3240 est
1257 3195 1344 3241 trans
1359 3167 1542 3262 Iordanem,

331 3313 373 3345 on·
383 3359 397 3370 ..
412 3313 487 3344 ermo-
510 3277 556 3350 ibi
569 3277 614 3348 est
628 3305 710 3349 mous
720 3275 882 3368 modicus,
892 3280 949 3374 qui
958 3277 1141 3374 appellatur
1148 3280 1350 3365 Hermoniim,
1362 3275 1542 3350 secundum

367 3375 432 3406 ''¹¹¹¹''
512 3383 591 3456 illud
607 3383 739 3456 David:
767 3387 903 3456 Montes
920 3386 1125 3455 exultaverunt
1142 3411 1174 3453 ut
1191 3389 1312 3472 arietet,
1331 3385 1362 3454 ee
1379 3386 1475 3455 colles
1482 3394 1542 3482 fic·

512 3518 545 3562 ur
561 3496 637 3585 agni
654 3497 763 3562 ovium.
790 3491 890 3562 Circa
907 3487 1081 3562 Iordanem
1097 3489 1279 3561 monticelli
1298 3488 1371 3560 sunt
1388 3490 1493 3580 multi,
1508 3495 1541 3562 δι

515 3595 651 3694 quando
669 3598 835 3669 Dominus
854 3595 898 3669 ad
914 3592 1115 3693 baptismum
1133 3593 1311 3688 descendit,
1333 3593 1392 3693 ipst
1414 3621 1543 3670 montes

514 3727 591 3776 ante
602 3702 709 3799 ipsum
719 3701 933 3775 ambulabant
946 3701 1127 3800 gestiendo,
1141 3705 1175 3775 ἃ
1184 3703 1286 3776 hodie
1294 3703 1384 3788 velut
1396 3703 1542 3776 saltantes

354 3831 438 3878 tator.
514 3809 674 3886 videntur.
688 3814 794 3883 Moru
809 3812 908 3881 ‘l'ulror
919 3811 954 3882 in
969 3809 1097 3883 Galilea
1110 3810 1165 3901 est,
1181 3809 1236 3881 ubi
1246 3810 1358 3883 Helias
1370 3833 1479 3907 raptus
1491 3811 1541 3882 est.

564 3917 628 3990 XV
630 3919 674 3989 lll.
700 3913 753 3988 Ab
781 3915 869 3990 unde
889 3918 1055 3988 Dominus
1081 3913 1265 4013 baptizatus
1289 3916 1345 4006 est,
1374 3917 1474 4012 usque
1491 3915 1543 3988 ubi

309 4041 502 4088 MareMortuum·
517 4022 712 4098 lordanisin
738 4051 819 4095 mare
837 4027 1005 4096 mortuum
1030 4024 1139 4116 intrat,
1164 4023 1235 4094 lunt
1262 4023 1362 4095 millia
1388 4025 1539 4119 quinque.

518 4139 552 4204 ln
564 4132 642 4202 loco
655 4129 715 4201 illo
728 4128 890 4202 submetse
901 4129 974 4201 sunt
985 4128 1175 4202 Sodoma&
1184 4129 1376 4201 Gomorrha
1389 4155 1465 4201 cum
1478 4129 1542 4202 aliis

552 4387 575 4422 a.
589 4369 689 4422 Anton.
708 4369 759 4434 M,
774 4368 881 4438 augusto
897 4368 946 4435 ed,
964 4370 1001 4434 t,
1015 4371 1081 4422 Lov.
1094 4397 1127 4408 -
1147 4369 1172 4422 b.
1186 4369 1302 4423 Tantum
1318 4372 1344 4424 P.
1358 4372 1383 4424 δι
1395 4371 1486 4441 pesclu
