3296 5700
310 552 577 606 murmurum
595 555 619 607 s.
634 555 878 608 wnutuntot.
1026 539 1095 634 289

61 777 267 871 negotiator,
288 778 345 871 qui
363 774 512 872 quotidie
529 779 573 848 eis
590 774 734 874 quelibet
750 774 928 848 necessaria
943 777 1099 848 ministra·

62 883 119 969 vit,
138 880 308 953 interdum
326 879 491 956 balneavit
507 887 542 955 dt
558 884 601 955 ad
623 880 790 956 ecclefiam
807 882 966 980 perduxit.
989 884 1048 954 illis
1065 886 1099 955 in

62 1013 196 1058 carcere
226 987 377 1079 detentis,
407 988 543 1084 quidam
574 991 739 1087 Hispanus
765 988 889 1062 habens
914 993 948 1062 in
976 991 1099 1087 palatio

63 1095 150 1191 regis
178 1094 322 1186 fratrem,
348 1121 483 1193 experto
510 1097 696 1168 saniiorum
713 1098 776 1168 Dei
794 1098 943 1194 negotio,
961 1123 1018 1168 eos
1043 1096 1101 1167 ad·

64 1203 189 1272 iutorio
208 1202 315 1272 fratris
336 1200 428 1272 fimul
449 1206 484 1274 ἃ
507 1229 616 1294 naute,
636 1206 692 1300 qui
716 1228 774 1274 eos
798 1202 987 1293 adduxerat,
1010 1203 1101 1300 apud

65 1332 191 1404 tegern,
219 1310 363 1382 Mirnum
387 1311 524 1403 dicium,
549 1311 710 1384 excusavit
738 1314 773 1381 ἀ
797 1313 842 1382 eis
863 1308 1003 1382 abeundi
1029 1337 1101 1408 per·

67 1414 254 1488 miffionem
273 1419 469 1515 impetravit.

113 1523 195 1594 Vin.
243 1522 322 1596 inde
354 1524 510 1622 progreffi
541 1549 701 1596 venerunt
740 1529 922 1620 Damascum
961 1527 1101 1619 reliquiis
1115 1543 1246 1591 Damasia..

67 1637 204 1719 moenie,
227 1632 284 1726 qui
305 1633 498 1704 conversum
523 1630 567 1703 ibi
589 1631 742 1704 divinitus
760 1633 892 1705 Paulum
914 1631 1102 1730 baptizavit,

65 1733 236 1834 infignenu
257 1742 333 1833 fusa
350 1767 422 1833 ergo
440 1745 577 1809 aratione
598 1745 629 1808 in
654 1741 713 1808 illa
730 1743 861 1837 ecclefia,
881 1765 945 1836 que
962 1763 1051 1810 nunc
1067 1740 1101 1835 in

67 1841 143 1912 loco
160 1841 384 1922 conversionis
402 1846 502 1916 saniii
520 1845 606 1915 Pauli
624 1846 754 1936 emicat,
779 1871 939 1918 venerunt
957 1848 990 1916 in
1008 1844 1101 1917 Gali·

69 1949 165 2040 leam‚
183 1953 218 2021 in
236 1953 348 2023 vicum
364 1957 551 2046 Nazareth,
570 1956 608 2021 de
625 1980 682 2044 quo
699 1953 730 2022 dr
748 1957 832 2046 Iesus
849 1956 962 2024 dicitur
978 1959 1101 2048 Napa-
1116 1963 1237 2012 Nuuetb·

69 2085 166 2145 tenus,
189 2054 246 2128 ubi
263 2061 462 2152 archangelus
475 2057 622 2149 Gabriel,
640 2060 749 2130 santis
762 2059 863 2130 Maris
877 2087 1020 2155 perpetue
1039 2065 1103 2130 vir·

72 2169 137 2256 gitti
164 2191 327 2258 apparant,
354 2171 384 2234 ei
407 2168 444 2234 de
471 2170 655 2236 incarnando
680 2173 711 2236 ia
736 2174 801 2236 eius
825 2193 925 2237 ventre
949 2173 1015 2237 ‘Dei
1027 2169 1102 2255 filio

70 2275 215 2364 predixit,
236 2271 268 2340 ἒν
286 2275 339 2341 ubi
357 2276 476 2365 Spiritu
489 2276 600 2342 Saudo
618 2277 807 2343 obumbrante
823 2280 1011 2368 impregnata
1026 2277 1103 2367 ines·

75 2380 250 2448 timaiiliter
268 2384 333 2447 Dei
341 2380 446 2468 filiam
464 2386 606 2472 concepit.
624 2383 671 2447 lbi
684 2381 778 2473 digne
780 2384 960 2474 sanctitatis
977 2380 1104 2450 constat

74 2480 214 2572 ecclefia,
238 2485 312 2580 sepe
329 2509 387 2580 per
409 2483 611 2554 Christianos
628 2511 648 2554 a
668 2487 848 2556 sarracenis
870 2511 944 2556 eant
966 2485 1103 2557 deiicere

76 2587 337 2687 aggredientibus
352 2593 456 2686 pretio
470 2588 626 2662 redemta.
647 2590 723 2662 inde
737 2591 811 2688 post
825 2589 981 2664 vifitatam
995 2595 1104 2690 primo

76 2697 305 2768 miraculorum
327 2698 471 2768 Domini
488 2696 636 2768 nobilem
654 2703 789 2769 Chartam
805 2699 945 2790 Galilee,
972 2697 1103 2770 transito
1117 2714 1204 2761 Chana-

77 2829 168 2873 nante
184 2805 296 2891 Taior,
315 2801 371 2874 ubi
389 2829 478 2873 nunc
496 2804 737 2875 monachorum
755 2807 972 2903 congregatio
993 2808 1025 2875 in
1040 2807 1101 2876 ho-

76 2934 151 2980 nore
166 2909 477 3007 Transfigutationis
498 2909 664 2982 dominice
682 2913 726 2981 est
742 2912 890 3002 colleiia,
911 2939 971 3008 pet
989 2910 1103 2984 urbem

78 3015 248 3087 Tiberiadis
267 3018 301 3087 in
325 3017 434 3086 littore
456 3019 563 3106 maris,
589 3016 643 3087 ubi
669 3019 833 3089 Dominus
851 3020 977 3088 Petrum
1002 3045 1102 3115 aquas
1116 3038 1248 3085 cruentus.

78 3120 158 3193 stetis
170 3122 298 3194 calcare
311 3123 451 3220 vestigiis
464 3124 551 3212 fecit,
568 3121 670 3214 fitam,
688 3123 744 3196 ubi
757 3127 855 3195 etiam
869 3123 1012 3196 iordanis
1021 3153 1103 3197 mare

81 3233 196 3301 Galiiee
210 3227 389 3326 pertranfit,
407 3255 566 3302 venerunt
579 3234 759 3326 aMagdaia,
778 3237 874 3303 vicunt
889 3237 993 3327 Lapari
1010 3233 1102 3328 &so-
1113 3241 1224 3302 Magdala.

79 3363 172 3408 ratum
183 3344 260 3409 eius.
276 3335 352 3408 inde
365 3362 423 3432 pet
435 3347 597 3434 oppofitam
611 3347 641 3409 irt
653 3340 750 3409 altero
763 3341 867 3410 littore
879 3342 1102 3433 capharnaum,
1115 3356 1281 3419 euphemum.

81 3439 131 3512 ubi
143 3445 306 3513 Dominus
327 3441 428 3513 filiam
446 3445 600 3540 principis
619 3445 779 3516 suscitavit
795 3447 832 3515 ἃ
847 3443 902 3515 ubi
919 3442 1104 3536 Zebedeus,

82 3571 166 3640 patet
188 3546 297 3620 iacobi
320 3550 356 3619 ἀ
375 3549 537 3640 lobannis,
562 3551 739 3644 requiescit,
763 3553 798 3621 ἃ
820 3575 878 3646 per
894 3555 1102 3645 Bethsaidam,
1117 3559 1243 3607 causatu.

83 3651 132 3724 ubi
156 3681 245 3727 nunc
270 3654 402 3727 ecclefia
426 3654 566 3726 domum
591 3657 668 3726 Petri
689 3659 725 3727 δι
745 3654 877 3728 Αηάτεε
894 3655 1105 3748 demonstrat,

83 3761 250 3858 tetigerunt
281 3766 450 3857 Caraaaim,
477 3759 533 3833 ubi
554 3763 718 3833 Dominus
744 3760 879 3856 expulsis
909 3761 1104 3835 demonibus
1118 3779 1243 3826 Corouim.

83 3891 210 3964 gregem
226 3893 407 3966 porcorum
424 3867 586 3939 conceiiit.

130 3973 176 4046 ΙΧ.
207 3976 296 4046 Hine
313 3975 500 4046 ianitorum
517 3999 631 4045 amore
647 3973 808 4062 locorum,
827 3975 939 4046 itinere
957 3975 1104 4046 tortuoso

84 4080 299 4152 veneruntad
331 4105 420 4152 ortus
449 4079 592 4152 duorum
623 4081 764 4152 fontium
794 4086 825 4150 in
855 4108 952 4152 monte
983 4087 1105 4153 Pitanen
1118 4089 1310 4138 Phauwtmom·

85 4208 215 4278 quorum
243 4213 324 4258 unus
347 4194 409 4275 lor,
439 4187 520 4258 alter
548 4211 685 4259 vocatur
712 4195 798 4277 Dan,
824 4214 947 4280 quorum
972 4215 1047 4258 unus
1073 4217 1107 4258 ex

85 4320 148 4384 una,
164 4298 240 4366 alter
262 4323 297 4366 ex
317 4297 414 4364 altera
434 4321 524 4388 parte
549 4299 642 4386 urbis,
663 4323 718 4388 que
741 4301 771 4364 in
794 4295 961 4389 Evangelio
980 4298 1108 4388 Cesarea

929 4441 960 4492 ³7
