3396 5708
491 550 555 648 146
948 547 1054 645 (420)

483 783 530 846 sed
546 785 649 847 divina
673 783 836 847 clementia
860 783 962 845 adium
977 783 1028 862 est,
1052 783 1135 868 quod
1156 782 1258 845 saneta
1280 802 1354 844 crux
1376 781 1509 844 antsan-

482 876 591 936 dorum
615 872 733 936 feritate
756 872 856 933 inlaesa
880 871 1049 953 permansit,
1073 871 1148 935 sicut
1171 871 1329 950 esthodie
1354 869 1385 933 dr
1406 871 1510 952 praeci·

482 982 577 1044 puum
601 982 679 1044 opus
703 959 821 1044 aedificij
847 982 865 1022 a
888 959 989 1022 valido
1012 960 1115 1023 calore
1137 961 1213 1045 ignis
1229 958 1361 1022 inustum
1382 979 1438 1042 per
1452 960 1511 1020 uir-

481 1064 579 1112 tutem
592 1049 700 1112 sandlae
713 1050 813 1112 crucis
827 1048 936 1111 extitit.

523 1164 536 1196 ι
554 1158 597 1219 14
613 1137 708 1201 Aliud
719 1159 804 1216 vero,
818 1138 901 1221 quod
916 1158 1027 1221 magno
1042 1159 1135 1220 opere
1146 1138 1240 1221 geffit,
1254 1159 1318 1200 non
1328 1137 1511 1200 estreticen-

482 1229 564 1290 dum.
591 1225 631 1290 Et
651 1226 769 1288 mensus
791 1224 842 1304 est,
863 1247 935 1288 curn
957 1223 1029 1289 esset
1052 1227 1266 1314 Hierosolyma,
1290 1242 1368 1310 quot
1389 1226 1512 1290 calamit

484 1314 620 1398 Golgotlra
640 1315 762 1377 distaret
785 1328 903 1376 amente
918 1313 1040 1378 oliveti:
1065 1315 1176 1378 eodem
1200 1314 1295 1378 modo
1311 1316 1353 1379 ibi
1375 1315 1407 1378 dr
1428 1337 1513 1378 men-

481 1404 528 1468 sus
549 1403 609 1478 ell;
635 1405 665 1465 in
687 1419 773 1486 grata
793 1401 918 1485 planitie
939 1403 1020 1466 illius
1041 1403 1102 1465 loci
1125 1421 1263 1467 montem
1284 1405 1438 1484 condidit,
1461 1405 1511 1489 qui

482 1493 626 1576 usquein
648 1489 823 1574 praesentem
846 1491 926 1553 diem
951 1515 1026 1554 mons
1049 1492 1159 1555 Oliveti
1171 1511 1310 1572 vocatur,
1331 1515 1428 1577 quem
1442 1515 1512 1556 cum

482 1603 593 1665 magno
616 1580 722 1643 sudore
737 1579 928 1643 &exercitio
948 1581 1105 1657 inaltavit;
1128 1580 1295 1644 &aliunde
1309 1603 1346 1644 ex
1363 1581 1513 1665 imperiali

482 1671 584 1734 edicto
599 1687 708 1733 terram
727 1669 874 1731 fodere&
889 1667 1062 1732 conducere
1078 1669 1158 1731 secit.
1181 1670 1339 1754 Siquidem
1354 1671 1386 1733 in
1401 1673 1513 1733 vertice

483 1760 596 1822 montis
610 1758 700 1821 huius
715 1757 931 1820 monasterium
951 1759 981 1819 in
996 1759 1115 1820 honore
1136 1758 1227 1822 sandli
1243 1757 1369 1824 loannis
1384 1781 1513 1842 evange·

482 1847 555 1909 listae
564 1845 890 1928 omnidiligentiacum
899 1847 1093 1908 eminentiori
1102 1845 1512 1926 aedificio,excelsrsturribus

481 1934 610 1998 studiose
637 1934 812 1996 construxit.
841 1930 876 1995 In
905 1935 1008 1995 medio
1035 1950 1138 1997 autern
1167 1935 1273 2018 templi
1302 1939 1415 1999 atrium
1443 1957 1513 1998 cum

481 2023 635 2085 columnis
650 2021 851 2104 pretiosorum
866 2020 1003 2103 lapidum
1019 2024 1106 2086 tereti
1121 2023 1238 2086 circulo
1254 2026 1331 2087 mire
1344 2026 1514 2102 exornavit,

482 2111 511 2174 δι
526 2109 718 2188 vestibulum,
732 2110 816 2193 quod
832 2124 896 2172 erat
910 2127 981 2172 ante
991 2113 1113 2190 atrium,
1127 2112 1248 2175 vestivit
1261 2114 1350 2176 variis
1363 2112 1513 2197 lapidibus

482 2199 570 2262 lactei
585 2197 698 2261 coloris
719 2218 790 2259 curn
805 2195 959 2262 coelaturis
974 2198 1040 2262 suis.
1061 2198 1192 2263 Parietes
1206 2216 1310 2264 autem
1325 2203 1422 2266 totius
1440 2202 1513 2265 ati-

387 2343 388 2346 ,
481 2286 555 2370 licij,
569 2287 633 2370 atrij
656 2286 687 2348 δι
706 2285 845 2348 vestibuli
859 2287 1097 2372 circumquaque
1122 2291 1153 2350 in
1179 2290 1310 2352 circuitu
1335 2311 1390 2372 per
1413 2293 1512 2374 girum

482 2374 615 2458 pulchris
631 2374 755 2457 picturis
771 2376 914 2436 decorare
925 2373 1047 2437 studuit.
1063 2376 1092 2436 A
1105 2375 1183 2458 pede
1194 2378 1308 2440 montis
1319 2377 1410 2440 huius
1422 2377 1513 2460 usque

483 2464 518 2526 ad
534 2463 681 2524 verticem
700 2459 834 2524 ascensus
856 2477 919 2524 erat
933 2481 986 2544 per
1007 2483 1194 2526 marmoreos
1208 2464 1328 2546 gradus.
1351 2462 1390 2526 In
1409 2467 1512 2528 medio

483 2551 549 2634 atrij
566 2550 609 2612 est
622 2550 719 2629 locus,
733 2571 770 2611 ex
784 2570 858 2634 quo,
872 2551 1065 2615 cernentibus
1079 2551 1243 2635 discipulis,
1258 2551 1398 2617 Christus
1411 2553 1513 2616 ascen-

482 2640 527 2702 dit
547 2638 714 2703 incoelum.
740 2637 776 2700 ln
801 2637 912 2700 eodem
932 2659 1004 2701 vero
1028 2639 1099 2703 loco
1124 2641 1252 2723 Spiritus
1276 2640 1405 2704 Sanctus
1429 2643 1513 2704 venit

483 2728 571 2811 super
590 2749 654 2806 eos,
678 2727 807 2790 &dedit
821 2724 880 2789 illis
898 2725 1052 2790 scientiam
1067 2731 1208 2790 omnium
1231 2729 1424 2812 linguarum:
1450 2730 1512 2793 illic

482 2819 629 2880 nimirum
651 2812 746 2897 posita
766 2814 809 2877 est
830 2837 916 2894 crux,
938 2831 975 2879 ut
987 2817 1019 2879 in
1033 2814 1188 2899 posterum
1202 2814 1318 2900 signum
1333 2815 1407 2881 ell’et
1422 2835 1513 2882 tantae

481 2902 654 2965 sanititatis.
686 2902 823 2984 Spatium
853 2919 965 2981 autern,
995 2905 1078 2986 quod
1107 2903 1196 2967 distat
1219 2906 1298 2967 inter
1319 2903 1460 2988 Galgrtlra
1481 2905 1512 2968 dt

482 3007 596 3054 montem
622 2991 740 3069 oliveti,
760 2989 804 3052 est
824 2991 910 3054 vallis
935 3013 1003 3076 quae
1026 3008 1221 3074 nuncupator
1244 2993 1277 3055 Ia
1292 2993 1396 3076 aphar:
1421 2995 1453 3057 in
1477 3015 1514 3056 ea

482 3101 555 3143 vero
578 3077 619 3141 est
644 3100 715 3162 ager
736 3078 956 3143 Hakeldarnach
982 3079 1033 3162 [al.
1057 2993 1297 3165 Achaidemach(
1311 3083 1364 3164 qui
1391 3099 1512 3166 emptus

483 3168 526 3231 eil
539 3189 557 3230 a
570 3165 681 3230 Iudaeis
696 3189 734 3229 ex
749 3165 871 3251 triginta
884 3169 1034 3251 argenteis
1049 3189 1127 3250 quos
1141 3165 1217 3232 Iuda
1231 3168 1346 3249 retulit,
1368 3171 1399 3232 in
1414 3169 1513 3253 sepul-

483 3273 583 3319 turam
598 3256 836 3338 peregrinorum‚
851 3256 925 3319 sicut
939 3255 1049 3339 legitur
1064 3258 1094 3318 in
1110 3255 1245 3320 Pallione
1257 3257 1399 3321 Domini.
1415 3257 1510 3321 Aliud

483 3365 608 3427 quoque
624 3364 712 3426 opus,
737 3344 819 3427 quod
842 3342 963 3406 solerter
982 3344 1127 3422 exercuit,
1140 3365 1203 3406 non
1218 3343 1260 3407 ell
1275 3346 1511 3428 praetermitten-

483 3433 568 3511 dum,
582 3434 656 3515 quin
671 3431 766 3494 literis
782 3431 949 3494 dilucidare
964 3431 1139 3516 satagemus.
1161 3431 1249 3496 Fecit
1262 3454 1389 3516 quoque
1410 3435 1512 3516 typice

484 3523 598 3604 ingenti
613 3539 688 3582 cura
701 3519 856 3600 piscinam,
871 3521 1036 3583 secundum
1051 3521 1133 3604 quod
1149 3521 1267 3584 calamo
1282 3520 1402 3585 mensus
1415 3521 1513 3585 fiterat

483 3611 514 3671 in
527 3609 681 3698 Ierusalem
695 3607 784 3670 instar
796 3610 947 3672 natatoriae
959 3609 1035 3687 Siloi,
1049 3609 1088 3670 de
1099 3629 1159 3691 qua
1173 3625 1246 3672 nato
1256 3631 1340 3672 caeco
1352 3608 1512 3673 Dominus

483 3699 539 3760 ait:
567 3722 580 3754 e
598 3695 686 3758 Vade
707 3697 744 3757 ad
767 3699 939 3760 natatoriam
960 3697 1028 3760 Silai
1049 3695 1078 3759 de
1099 3695 1166 3759 lava
1183 3722 1195 3753 a
1221 3696 1290 3781 [Eu.
1312 3695 1369 3760 sec.
1393 3694 1512 3777 loono,

483 3804 527 3863 rx,
539 3785 586 3868 7];
601 3783 673 3846 fecit
687 3784 779 3847 etiam
793 3805 903 3863 caecus,
916 3786 1000 3869 quod
1014 3784 1066 3848 stbi
1081 3785 1292 3867 imperaverat,
1305 3786 1424 3849 abiit&
1438 3787 1512 3850 lavit

484 3874 513 3937 dl
527 3874 605 3936 vidit
619 3872 649 3935 δι
663 3871 793 3935 credidit
808 3872 889 3935 Deo.
908 3899 920 3930 ›

518 4004 619 4071 [Vitas.
629 4003 738 4070 Petronij
747 4021 780 4057 ex
788 4004 904 4059 Chronico
912 4005 1080 4058 monachorum
1091 4009 1113 4056 S.
1124 4006 1239 4075 Stephani
1247 4008 1330 4060 Bonam
1339 4007 1411 4074 (ente
1420 4009 1510 4074 1180),

482 4101 537 4137 c.a
561 4083 627 4151 (Ar.
647 4085 689 4135 SS.
707 4083 775 4149 Bait,
798 4085 902 4136 octobr.
923 4087 955 4150 11,
975 4102 1027 4150 459
1041 4085 1064 4134 dt
1078 4085 1280 4137 Giovambatisla
1296 4085 1413 4151 Metron,
1432 4087 1510 4138 eata

481 4161 683 4229 memoriedt'sae
693 4161 808 4227 Petronia,
821 4163 931 4230 vescovo
940 4163 968 4215 dt'
975 4161 1089 4232 Baiana,
1104 4163 1228 4232 llologna,
1241 4171 1317 4227 1784,
1330 4165 1425 4234 in-4‚p.
1439 4169 1508 4229 ¹44).

482 4246 548 4297 Idem
569 4247 609 4310 (p.
623 4245 650 4306 6,
671 4259 696 4294 n.
713 4259 728 4292 a
744 4243 771 4293 ὅ
782 4251 823 4310 pp.
839 4245 895 4308 7-9)
917 4243 1001 4295 multos
1025 4243 1131 4311 recenset
1141 4243 1202 4310 sac.
1217 4246 1269 4296 XV
1281 4245 1385 4296 &XVI
1399 4247 1507 4298 maora

481 4320 523 4388 qai
534 4323 565 4372 de
578 4320 685 4372 Petronio
702 4319 774 4373 locuti
786 4319 855 4386 sunt,
879 4321 961 4373 Vitam
974 4321 1074 4388 insuper
1088 4321 1174 4387 sancti
1191 4322 1249 4374 viri
1270 4322 1373 4390 reperiit
1393 4321 1420 4374 ie
1431 4323 1508 4374 codice
