3354 5706
916 513 1110 567 ARCULFUS

738 778 818 850 Vlll.
846 783 896 848 De
911 780 978 848 laco
997 781 1108 850 altaris
1126 781 1299 849 assrasram.
1372 791 1375 798 '

552 935 663 1026 ltaque
688 931 771 1002 inter
792 929 849 1001 has
869 926 979 1000 duales
996 927 1145 1000 ecclesus
1161 927 1215 1000 ille
1234 927 1379 1000 famosus
1397 931 1538 1000 occurrit

501 1039 605 1128 locus,
636 1039 669 1109 in
699 1063 767 1134 quo
793 1034 961 1108 Abraham
993 1036 1178 1133 patriarcha
1207 1036 1309 1108 altare
1339 1037 1538 1132 composuit,

502 1146 596 1243 super
624 1142 705 1215 illud
726 1146 903 1241 imponens
924 1143 1093 1242 lignorum
1114 1145 1243 1234 struem,
1266 1145 1301 1213 &
1323 1167 1360 1214 ut
1377 1143 1459 1214 lsaac
1477 1143 1536 1214 im·

504 1251 644 1324 molaret
676 1251 780 1322 silium
816 1250 926 1342 suum,
961 1251 1174 1348 evaginatum
1203 1250 1340 1349 arripuit
1372 1248 1537 1347 gladium:

502 1357 559 1431 ubi
579 1384 667 1430 nunc
685 1359 797 1431 mensa
814 1355 953 1429 habetur
968 1357 1079 1456 lignea
1102 1383 1172 1430 non
1190 1383 1302 1454 parva,
1324 1358 1539 1455 superquam

501 1493 684 1564 pauperum
705 1465 914 1556 eleemosyne
931 1491 951 1534 a
967 1463 1097 1560 populo
1120 1463 1309 1554 offeruntur.
1335 1463 1400 1536 Sed
1421 1466 1456 1535 ἀ
1473 1463 1540 1534 hoc

502 1573 582 1644 mihi
611 1571 799 1671 diligentius
828 1573 1043 1668 interroganti
1072 1573 1200 1644 sancius
1222 1570 1374 1643 Arculsus
1400 1569 1539 1660 addidit,

501 1681 666 1776 inquiens:
690 1684 773 1750 lnter
793 1675 977 1768 anastafim‚
1001 1677 1066 1748 hoc
1089 1677 1133 1748 est
1155 1679 1231 1775 sepe
1257 1678 1352 1775 supra
1374 1702 1540 1748 memora·

501 1812 569 1858 tam
579 1784 755 1858 rotundam
767 1781 1163 1878 ecclesiam,&bafilicam
1173 1783 1383 1856 Constantini
1394 1781 1539 1880 quedam

501 1917 593 1991 patet
614 1895 754 1988 plateola
784 1895 941 1986 usquead
967 1893 1120 1990 ecclcfiam
1140 1895 1379 1987 Galgatslanam,
1410 1891 1444 1962 in
1472 1915 1540 1987 qua

501 1998 654 2074 videlicet
673 1998 726 2072 die
739 2025 778 2071 ac
795 2004 893 2071 nocie
911 2000 1039 2096 semper
1056 1997 1227 2095 lampades
1243 1997 1368 2070 ardent.

503 2211 555 2282 ΙΧ.
564 2216 614 2282 ‘De
623 2216 731 2283 exedra
742 2220 822 2284 intra
832 2215 982 2310 ecclefiam
993 2215 1176 2286 Casuaria&
1186 2217 1376 2306 Constantini
1385 2217 1538 2310 bafilicam

543 2326 617 2415 fita,
636 2325 667 2388 ln
680 2346 738 2411 qua
756 2321 838 2390 calix
851 2325 982 2392 Domini
996 2322 1027 2391 ἂ
1033 2326 1170 2418 spongia
1183 2325 1338 2393 recondita
1353 2326 1487 2409 labetur,

592 2428 629 2494 de
645 2453 703 2518 qua
721 2433 752 2496 in
770 2428 857 2522 ligno
870 2432 1003 2521 pendens
1019 2455 1131 2499 acerum
1140 2433 1267 2524 suxerat
1284 2429 1315 2498 ee
1331 2435 1443 2498 vinum.

551 2607 635 2674 lnter
658 2601 748 2674 illam
773 2629 907 2699 quoque
929 2605 1184 2702 Golgothanam
1208 2603 1377 2678 basilicam
1396 2607 1432 2676 δι
1452 2631 1538 2676 mar·

503 2712 643 2804 tyrium⁶
664 2708 809 2805 quedam
828 2710 908 2781 inest
931 2710 1059 2802 exedra,
1080 2714 1115 2783 in
1139 2738 1206 2809 qua
1223 2712 1268 2783 esl
1284 2713 1368 2784 calix
1385 2713 1537 2804 Domini,

503 2843 603 2914 quem
628 2843 647 2888 a
672 2816 704 2888 se
729 2813 940 2888 benedislum
964 2819 1098 2914 propria
1121 2844 1222 2890 manu
1251 2820 1285 2889 in
1310 2843 1404 2911 cena,
1433 2815 1539 2915 pridie

503 2951 605 3021 quam
629 2946 803 3020 pateretur,
830 2923 898 3019 ipse
924 2926 1067 2996 conviva
1093 2926 1248 3022 apostolis
1269 2923 1404 2997 tradidit
1425 2925 1539 2997 convi-
1671 2923 1672 2951 ³

501 3029 670 3107 vantibus:
698 3030 753 3124 qui
777 3053 950 3127 argenteus
967 3033 1050 3102 calix
1066 3031 1190 3123 sextarii
1208 3033 1330 3105 Gallici
1352 3031 1538 3104 mensuram

502 3136 611 3229 habet,
629 3135 775 3231 duasque
791 3136 827 3206 in
844 3135 876 3206 se
892 3137 1019 3208 ansulas
1037 3163 1076 3209 ex
1093 3163 1230 3233 utraque
1246 3164 1339 3237 parte
1353 3139 1539 3212 altrinsecus
1670 3193 1671 3202 κ

502 3246 651 3316 continet
670 3239 879 3339 compositas.
903 3247 936 3314 ln
959 3269 1028 3339 quo
1046 3245 1159 3340 utique
1177 3245 1278 3317 calice
1295 3246 1376 3316 inest
1384 3250 1535 3340 spongia,
1670 3251 1671 3282 ³

503 3376 603 3447 quam
616 3373 711 3419 aceto
724 3347 868 3444 plenam,
883 3346 1024 3447 hyssopo
1039 3352 1337 3449 circumponentes,
1351 3353 1538 3424 Dominum
1669 3397 1670 3472 ἒ

501 3453 728 3554 crucifigentes
751 3453 941 3526 obtulerunt
958 3457 1007 3527 ori
1029 3458 1106 3529 eius.
1129 3459 1182 3530 De
1199 3458 1266 3530 hoc
1282 3457 1405 3530 eodem
1425 3457 1538 3546 calice,

502 3586 538 3632 ut
561 3561 671 3651 sertus,
697 3561 862 3633 Dominus
887 3561 960 3658 post
989 3561 1256 3634 resurredlionem
1281 3588 1359 3634 cum
1384 3563 1538 3659 apostolis
1668 3637 1669 3640 ,

502 3667 682 3740 convivans
709 3665 801 3759 bibit,
828 3693 927 3763 quem
957 3668 1082 3740 sancius
1108 3670 1258 3742 Arculfirs
1283 3667 1375 3762 vidit,
1400 3671 1436 3740 δι
1461 3670 1538 3768 perl

500 3775 584 3846 illius
601 3773 754 3866 scrinioli,
771 3773 827 3846 ubi
844 3773 1030 3848 reconditus
1048 3772 1196 3867 habetur,
1219 3776 1367 3873 operculi
1386 3777 1535 3850 foramen

501 3875 634 3978 pertufi‘
667 3906 767 3952 manu
797 3881 904 3978 tetigit
933 3883 1127 3980 propria&
1153 3881 1314 3953 osculatus
1341 3883 1405 3955 est:
1437 3907 1538 3980 quem

501 3985 653 4059 videlicet
670 3986 809 4058 calicem
825 3989 990 4061 universus
1007 3989 1144 4060 civitatis
1162 3989 1305 4086 populus
1322 4013 1399 4060 cum
1410 3989 1539 4087 ingenti

502 4094 713 4166 veneratione
732 4093 924 4190 frequentat.

537 4300 560 4334 a.
580 4284 624 4348 B.,
642 4285 667 4335 P.
693 4301 793 4352 12943,
812 4284 855 4349 V„
876 4287 902 4336 R.
921 4283 986 4336 telli-
1054 4311 1085 4324 -
1114 4285 1186 4337 c.AI.
1213 4285 1326 4354 percussi,
1355 4285 1484 4356 perforati.

502 4362 622 4418 monium.
635 4391 669 4402 -
682 4364 707 4415 b.
724 4365 763 4430 B.,
780 4363 863 4432 Grets.
878 4381 921 4416 om
933 4381 986 4438 pet.
