3354 5706
524 495 592 596 164
758 568 762 579 ,
940 517 1135 572 annutans

518 734 622 835 pofite
638 734 780 808 fimiliter
807 737 923 810 eadem
949 739 1148 811 illuminetur
1165 741 1321 813 claritate.
1340 742 1414 812 Hec
1431 739 1550 838 fiilgida

519 846 554 914 δι
576 840 784 939 predicabilis
810 850 1007 918 ossonarum
1037 873 1234 945 magnarum
1252 847 1434 918 coruscatio
1452 847 1549 919 lucer·

520 976 636 1021 narum
654 947 696 1021 de
710 975 824 1021 monte
838 951 951 1022 sanslo
968 954 1003 1022 ἃ
1019 951 1061 1022 de
1079 952 1156 1024 loco
1172 955 1350 1024 Dominice
1362 951 1549 1024 ascensionis

521 1067 621 1132 noctu
640 1062 839 1159 fulgentium
856 1065 1027 1154 maiorem,
1052 1089 1087 1134 ut
1108 1065 1259 1136 Arculfus
1276 1066 1430 1154 narravit,
1456 1062 1552 1135 divini

520 1169 641 1238 amoris
663 1169 885 1240 alacritatem⁶
902 1168 1108 1241 credulorum
1135 1170 1376 1267 respicientium
1403 1169 1552 1242 cordibus

520 1271 678 1364 infiindit‚
709 1274 957 1372 quemdamque
994 1301 1154 1373 pavorem
1187 1279 1290 1347 menti
1319 1302 1398 1347 cum
1430 1279 1553 1374 ingenti

521 1383 648 1450 interna
667 1384 914 1478 conpunctione
931 1384 1055 1453 incutit.

571 1487 645 1557 l·lec
670 1489 768 1558 etiam
797 1487 877 1558 inibi
907 1489 1057 1560 Arculfus
1083 1489 1189 1562 retulit
1214 1488 1257 1560 de
1279 1488 1398 1560 eadem
1417 1489 1555 1561 rotunda

523 1591 668 1684 ecclesa,
687 1593 779 1688 quod
797 1597 829 1665 in
847 1596 1065 1666 anniversario
1082 1594 1136 1666 die
1165 1597 1343 1667 Dominice
1360 1593 1553 1668 ascensionis

523 1697 726 1771 solemnitate
749 1725 806 1796 per
827 1726 943 1772 omnes
968 1727 1074 1773 annos
1098 1700 1282 1775 validissimi
1298 1701 1461 1774 flaminis⁶
1482 1728 1556 1800 pro·

523 1806 605 1877 cella
627 1806 815 1877 meridianis
836 1807 933 1899 horis,
955 1810 1094 1905 peraslis
1116 1811 1151 1880 in
1168 1807 1286 1880 eadem
1304 1807 1434 1882 basilica
1452 1807 1555 1881 milla·

524 1938 597 1982 rum
619 1912 828 2004 solemnibus,
849 1916 973 1986 inruere
1000 1915 1091 2006 solet,
1115 1941 1149 1987 ut
1166 1917 1271 1986 nullus
1294 1917 1327 1986 in
1345 1915 1400 1986 illa
1424 1915 1556 1988 ecclesa

523 2017 576 2091 vel
596 2019 630 2090 in
647 2018 729 2089 locis
746 2022 776 2090 ei
792 2020 905 2091 vicinis
928 2021 1008 2092 stare
1027 2022 1080 2093 vel
1096 2021 1206 2093 sedere
1223 2021 1330 2119 possit,
1354 2019 1410 2092 sed
1428 2045 1555 2092 oranter

524 2150 652 2212 omnes,
672 2127 705 2194 in
724 2148 805 2196 terra
824 2127 987 2222 prostratis
1003 2126 1154 2218 vultibus,
1173 2125 1298 2198 tamdiu
1312 2131 1431 2216 iacent,
1452 2125 1556 2198 donec

525 2231 579 2302 illa
597 2229 741 2302 terribilis
760 2233 904 2328 procella
921 2235 1128 2331 pertranseat.

577 2337 682 2408 Huius
700 2339 826 2410 terrifici
855 2339 948 2412 flatus
974 2342 1069 2412 causa
1096 2341 1184 2432 facit,
1212 2365 1247 2412 ut
1271 2341 1326 2411 illa
1348 2365 1423 2437 pars
1441 2338 1556 2411 domus

527 2469 692 2514 cameram
714 2442 833 2516 habere
851 2473 919 2517 nori
937 2449 1044 2545 poffit,
1067 2447 1159 2544 quod
1177 2451 1270 2544 supra
1296 2447 1410 2517 locum
1426 2447 1556 2544 impres-

528 2551 636 2621 sorum
658 2553 795 2622 Domini
821 2555 1040 2652 vestigiorum,
1066 2579 1129 2649 que
1154 2557 1256 2626 intra‘
1274 2556 1369 2648 supra
1385 2552 1474 2624 disle
1490 2579 1556 2623 rote

527 2656 674 2728 medium
692 2658 840 2730 foramen
862 2685 974 2756 aperte
993 2661 1222 2751 monstrantur,
1247 2659 1290 2730 ad
1308 2660 1417 2731 celum
1436 2661 1559 2755 semper

529 2765 690 2862 patefaifla
713 2789 877 2862 appareat.
901 2767 988 2836 Nam
1006 2768 1228 2864 quascumque
1257 2769 1409 2838 materias
1426 2763 1559 2862 desuper

528 2872 571 2946 ad
590 2897 755 2943 cameram
776 2872 971 2969 parandam,
997 2871 1018 2944 fi
1036 2871 1117 2968 quid
1140 2873 1284 2944 bumana
1302 2899 1351 2943 ars
1370 2871 1559 2963 conabatur,

529 2982 623 3075 supra
640 2981 814 3049 memorati
831 2981 920 3050 venti
938 2979 1091 3050 divinitus
1108 2977 1202 3050 slatus
1218 2978 1450 3050 destruxerunt.

578 3086 630 3155 De
658 3086 719 3154 bac
740 3084 850 3181 itaque
876 3084 1075 3156 formidabili
1099 3085 1244 3182 procella
1268 3087 1394 3157 sanclus
1413 3085 1560 3156 nrmlfus

529 3191 633 3262 taliter
648 3189 743 3262 nobis
757 3193 928 3283 enarravit,
943 3195 999 3287 qui
1016 3191 1132 3262 eadem
1151 3192 1232 3261 hora
1246 3217 1311 3286 qua
1329 3194 1362 3262 in
1375 3191 1430 3262 die
1444 3194 1559 3262 D'omi·

530 3299 602 3368 nice
620 3294 811 3367 ascensionis
824 3296 877 3368 ille
894 3296 1102 3368 validissimus
1118 3298 1209 3366 irruit
1225 3295 1331 3386 flatus,
1348 3297 1414 3392 ipse
1433 3296 1561 3394 presens

531 3405 565 3474 iii
582 3402 699 3474 eadem
716 3401 847 3474 ecclesa
864 3403 989 3476 Oliveti
1006 3404 1149 3474 inteifiiit
1167 3406 1299 3474 montis.

580 3510 682 3580 Cuius
707 3507 859 3581 videlicet
883 3509 1025 3582 rotunde
1046 3509 1176 3581 ecclesie
1197 3509 1314 3608 figura,
1340 3512 1488 3606 quamvis
1509 3509 1561 3582 vili

531 3613 717 3714 picturasic
727 3615 858 3712 depitla
868 3617 1065 3689 declaratur:
1084 3642 1155 3688 eree
1168 3642 1300 3688 necnon
1313 3619 1347 3687 in
1365 3617 1561 3689 eiusmedie

532 3745 597 3793 tate
614 3721 776 3793 collocate
798 3747 868 3793 rote
885 3723 1025 3792 formula
1043 3722 1104 3794 hac
1121 3722 1392 3820 descriptiuncula
1411 3723 1559 3795 demons-

533 3853 633 3900 tratur
648 3826 801 3900 subiecta.

567 4061 590 4094 a.
601 4043 639 4108 V,
654 4045 691 4107 it,
703 4042 799 4096 addunt
813 4043 850 4096 vel
867 4042 1017 4097 claritatem.
1026 4071 1058 4082 -·
1071 4043 1096 4096 b.
1108 4043 1137 4098 V.
1150 4043 1268 4096 fulminis.
1282 4073 1315 4084 -
1324 4061 1348 4098 c.
1362 4044 1402 4098 At.
1416 4045 1529 4100 interra.
1617 4061 1623 4074 ·
