3296 5700
279 541 549 599 ITINERARIUM
565 545 590 599 S.
618 545 862 598 WILLIBALDI.
1021 550 1090 623 297

49 762 325 858 Wuncbaldum,
364 769 483 838 ollavo
523 767 617 837 semis
658 791 761 856 ann0,
793 765 967 863 postquam
1003 768 1092 866 apud

49 872 207 942 Romam
225 870 405 965 discessere,
427 899 497 944 non
513 875 627 946 visum.
648 872 738 943 Hinc
754 870 796 942 ad
814 873 1093 973 archiepiscopum

52 977 157 1048 suum
175 977 266 1076 apud
283 977 399 1052 urbem
423 983 601 1075 Saltqbarge
627 982 728 1071 venit,
750 976 817 1071 ubi,
840 986 1001 1074 confluente
1017 987 1258 1054 anti-summu..

44 1092 163 1178 sticum
177 1088 324 1181 collegio,
336 1090 534 1182 consentiente
547 1090 621 1158 cleri
628 1089 787 1183 plebisque
794 1091 962 1182 suffragio,
972 1089 1097 1184 episco-

55 1193 178 1288 palem
191 1189 458 1264 benedidionem
471 1196 501 1264 se
514 1200 702 1291 Eiltslatenfis
714 1197 831 1289 ecclefie
847 1198 1018 1266 cathedram
1025 1199 1097 1291 sus·

53 1308 155 1393 cepit,
177 1298 464 1398 quadragestmum
482 1303 625 1397 primum
644 1302 737 1372 etatis
754 1326 878 1373 annum
896 1326 974 1373 tunc
986 1327 1095 1400 agens..

56 1409 145 1476 Cura
165 1413 264 1501 igitur
277 1412 448 1506 episcopali
455 1413 608 1505 suscepta,
623 1437 681 1480 non
700 1413 804 1478 habuit
818 1416 960 1500 requiem,
979 1414 1096 1481 verbum

56 1518 124 1582 Dei
143 1519 252 1586 dieat
273 1521 365 1587 noc‘le'
370 1520 544 1611 predicare,
572 1520 682 1614 defides
703 1522 804 1610 gentis
829 1517 917 1586 illius
934 1517 1097 1586 animasse

53 1648 169 1712 parum
192 1625 230 1693 de
241 1628 351 1715 futuro
364 1625 523 1717 sollicitos
540 1627 581 1693 ad
589 1626 676 1718 spem
698 1624 846 1711 celeslium
865 1630 992 1717 erigere,
1002 1627 1096 1718 sepo-

50 1733 124 1824 fitis
142 1735 281 1800 inanium
301 1757 399 1802 return
417 1736 509 1820 curis,
534 1755 634 1801 eterna
652 1758 780 1823 querere.
798 1735 837 1799 Et
853 1758 888 1800 ne
896 1757 1006 1824 parum
1017 1733 1098 1820 fidei

58 1837 190 1905 colonus
196 1841 369 1932 proficeret,
395 1841 475 1929 quod
490 1842 577 1908 verbo
589 1839 760 1931 plantabat,
777 1843 852 1927 vita,
869 1839 1007 1907 doctrina
1028 1864 1099 1906 con·

51 1945 133 2036 sona
147 1947 283 2037 rigabat.
301 1948 389 2038 Qec
407 1945 541 2038 longam,
558 1947 646 2013 rudis
653 1944 858 2039 squalentium
871 1945 1005 2014 cordium
1017 1951 1123 2013 cam-'

56 2075 119 2140 pus
146 2056 193 2118 ita
211 2052 391 2146 Evangelici
418 2054 535 2145 ligonis
560 2056 731 2122 exercitium
760 2053 906 2142 audierat,
935 2057 1098 2146 arignano

55 2149 187 2246 frudlu's
211 2157 299 2252 agr'o,
329 2163 488 2252 erq‘lirpato
517 2183 649 2228 errorum
668 2162 794 2251 frutice,
814 2162 908 2253 seges
934 2161 1098 2230 rubicunda

63 2263 93 2330 se
110 2269 204 2332 vinea
223 2269 287 2332 Uei
302 2268 436 2335 Sabaotlt
453 2268 603 2336 videretur
611 2264 784 2358 surrexisse.

110 2367 201 2440 XlX.
230 2375 388 2462 Postquam
415 2375 512 2464 igitar
536 2373 737 2465 episcopantm
750 2373 841 2464 suum
857 2372 937 2464 sane
961 2377 1101 2464 institutis

62 2480 124 2543 vite
138 2501 202 2568 per
210 2478 328 2569 septem
350 2503 443 2546 annos
460 2478 627 2570 digniffime
645 2483 832 2568 informavit,
858 2480 982 2571 disolvi
998 2479 1028 2548 se
1046 2481 1102 2573 ese

64 2609 128 2649 cunt
143 2583 268 2674 Cltristo
281 2587 413 2676 cupiens,
423 2584 570 2677 spiritum
586 2586 739 2653 conditori
756 2587 903 2671 reddidit,
913 2585 1053 2679 sepultus
1069 2590 1100 2655 in

64 2691 200 2786 eeclefia,
217 2695 266 2758 cui
275 2694 408 2783 prefuit.
431 2692 547 2783 Quanti
564 2717 639 2760 nunc
653 2695 736 2784 apud
751 2698 849 2763 Deum
859 2702 901 2790 fit
917 2699 1028 2784 meriti,
1041 2697 1100 2786 tes-

66 2820 148 2866 tatur
173 2822 284 2866 corona
312 2801 435 2887 iustitie,
462 2823 548 2888 quam
570 2799 718 2868 miracala
740 2804 823 2893 apud
839 2800 1012 2894 sepulcrum
1033 2805 1099 2868 eius

65 2908 259 2998 coruscantia
279 2910 418 2997 testantur
434 2932 498 2974 curn
514 2907 663 3001 recepisse.
