3434 5704
673 554 779 654 (3²⁶)
1170 573 1220 656 4⁷

188 791 291 872 ludas,
312 792 423 876 inquit:
446 817 458 849 ι
484 792 599 854 Audivi
612 807 731 876 patrem
746 811 849 854 meum
863 793 1029 870 dicentem,
1052 792 1218 876 quodsum

191 908 203 939 t
223 898 329 944 atavus
339 881 392 943 fibi
406 881 524 944 dixerat
533 881 585 942 ubi
597 878 691 944 ludaei
707 879 850 943 miserunt
861 901 961 943 eamr
977 879 1047 944 Post
1056 882 1122 944 haec
1133 881 1219 944 dixe·

188 967 1220 1141 t‘2¹1rulttnllltltlltnlttltstult,*lszt

190 1147 336 1208 indicavit
350 1147 377 1208 ei
393 1147 445 1208 ubi
459 1145 560 1209 sancia
573 1167 648 1208 crux
663 1162 734 1208 erat.
757 1143 916 1208 Foderunt
926 1161 1031 1209 autem
1047 1163 1170 1226 terram,
1190 1145 1220 1210 ἃ

189 1235 378 1297 invenientes
401 1251 460 1298 tres
480 1255 586 1298 cruces
607 1233 777 1296 nescierunt
797 1256 866 1317 quae
885 1231 959 1298 effet
979 1255 1055 1298 crux
1078 1233 1220 1314 Domini,

189 1322 237 1385 sed
250 1339 387 1386 mortuus
399 1323 516 1387 ablatus
535 1323 622 1405 super
632 1325 756 1386 crucem
768 1323 919 1386 latronum
932 1345 995 1387 non
1004 1325 1114 1404 movit,
1129 1325 1219 1388 tertio

189 1427 292 1474 autem
312 1411 398 1494 super
423 1433 547 1475 crucem
571 1411 701 1474 Domini
726 1411 757 1473 dt
779 1413 899 1490 revixit,
919 1413 950 1475 dt
971 1413 1012 1475 ita
1032 1414 1156 1476 inventa
1178 1412 1220 1475 est

189 1499 289 1562 sandla
307 1521 390 1562 crux.
412 1499 482 1584 Post
499 1501 565 1562 haec
581 1501 723 1562 foderunt
738 1501 768 1562 in
783 1502 895 1562 eodem
909 1499 978 1562 loco
993 1502 1221 1564 &invenerunt

189 1589 302 1667 clavos,
317 1611 395 1672 quos
406 1588 538 1652 fixerunt
549 1589 579 1651 in
592 1588 773 1652 manibus&
785 1589 913 1670 pedibus
925 1589 1067 1670 Domini,
1081 1591 1111 1654 dr
1124 1611 1220 1653 unum

189 1699 226 1740 ex
242 1677 300 1741 illis
315 1678 400 1740 dedit
415 1677 535 1742 Helena
549 1677 763 1756 Constantino,
780 1697 874 1762 quem
889 1677 987 1760 posuit
1002 1679 1031 1741 in
1048 1680 1135 1742 freno
1149 1680 1219 1762 equi

189 1766 242 1845 sui,
263 1766 293 1829 ἃ
315 1765 383 1849 post
403 1767 469 1829 haec
483 1789 545 1829 non
562 1767 619 1829 fuit
639 1766 738 1829 vidius
760 1767 790 1828 in
813 1765 904 1828 bello.
928 1766 1035 1830 Postea
1056 1768 1222 1851 baptizavit

190 1853 308 1934 ludam,
330 1856 492 1938 imponens
512 1855 563 1918 srbi
584 1877 699 1917 nomen
716 1853 883 1941 Quiracur,
906 1856 937 1919 dr
958 1855 1113 1920 constituit
1134 1856 1221 1918 illum

190 1943 367 2027 episcopum
391 1945 422 2005 in
445 1944 610 2028 Ierusalem,
635 1965 687 2026 per
714 1963 807 2027 quern
831 1943 987 2010 Dominus
1011 1945 1153 2030 dignatus
1179 1945 1222 2009 est

191 2032 288 2095 multa
303 2033 402 2094 facere
417 2032 570 2095 miracula.
588 2057 600 2089 ι

261 2131 342 2201 [Reda
354 2133 430 2198 Ven,
444 2131 531 2186 Hamil.
540 2131 645 2200 subdit,
654 2133 743 2186 xcltt
757 2133 870 2202 (Migne
880 2135 947 2186 Patr.
957 2133 1114 2199 lar.,XCtV,
1123 2151 1218 2202 0494·

190 2212 275 2282 nst-l

233 2348 245 2378 ι
265 2318 370 2406 ltaque
387 2321 529 2408 [Helena]
545 2344 617 2384 cum
632 2323 746 2406 ingenti
764 2321 958 2384 multitudine
975 2321 1005 2384 δι
1020 2323 1101 2406 regia
1121 2323 1218 2386 ambi-

156 2481 159 2486 ,
190 2410 274 2472 tione
298 2409 523 2498 Hierosolymam
549 2412 660 2494 pergit,
692 2410 721 2473 δι
747 2411 915 2493 ingreditur
940 2409 1047 2472 urbem
1072 2433 1134 2473 non
1161 2411 1219 2472 iarn

190 2497 293 2561 ludaea
313 2499 360 2561 sed
384 2499 564 2579 Christiana,
589 2499 617 2563 da
637 2501 733 2581 coepit
749 2515 883 2582 quaerere
898 2500 1000 2562 animo
1022 2499 1101 2562 virili
1117 2499 1221 2563 &ser-

190 2587 360 2650 ventiffirno
372 2588 442 2652 zelo
453 2588 571 2673 lignum
583 2588 691 2651 sandiae
705 2591 812 2650 crucis.
823 2587 920 2674 Quod
933 2588 1003 2650 ideo
1015 2589 1051 2650 ad
1063 2589 1222 2652 invenien-

191 2679 265 2739 dum
287 2677 375 2740 valde
393 2677 515 2740 difficile
537 2693 610 2756 erat,
629 2679 709 2761 quia,
724 2691 757 2739 ut
771 2675 960 2762 Ecclqssqstica
973 2693 1077 2739 narrat
1097 2677 1222 2764 hisloria,

191 2765 229 2826 ab
245 2765 337 2828 Helio
358 2766 497 2828 Adriano
512 2767 548 2828 ad
566 2765 784 2850 suggestionem
801 2763 980 2846 pontificum
1001 2761 1175 2829 Iudaeorum
1191 2767 1220 2829 in

191 2875 230 2915 eo
246 2853 316 2916 loco
332 2853 482 2936 templum
498 2853 612 2917 Veneri
630 2855 724 2916 suerat
738 2853 956 2916 construdium.
980 2853 1047 2942 Qui
1064 2853 1223 2937 pontifices

192 2943 262 3005 ideo
286 2943 345 3005 hoc
367 2944 512 3020 fecerunt,
537 2961 569 3006 ut
588 2942 782 3007 aemulatione
804 2941 897 3005 livida
920 2941 1063 3007 tollerent
1083 2941 1222 3006 fidelibus

191 3030 307 3110 locum,
327 3053 365 3093 ne
388 3032 429 3093 ibi
445 3028 563 3114 pollent
577 3031 700 3096 Christo
714 3030 835 3094 desiere
849 3052 958 3114 genua,
976 3031 1026 3094 ubi
1048 3031 1223 3115 prostibulae

192 3119 327 3182 mulieris
348 3135 413 3182 erat
441 3115 657 3182 srmulachrum
682 3119 813 3182 affixum.
842 3119 899 3183 Sed
925 3121 1029 3204 regina
1047 3119 1223 3199 fidelillrma,

193 3207 328 3271 funditus
349 3207 452 3270 everso
474 3208 590 3291 templo
613 3207 772 3291 pariter&
795 3207 878 3271 idolo
902 3226 1083 3288 memorato,
1106 3209 1223 3272 invenit

193 3313 254 3359 tres
275 3317 391 3374 cruces,
416 3295 546 3358 Domini
570 3298 680 3380 pariter
705 3297 734 3360 δι
758 3296 921 3360 latronum.
947 3295 999 3360 De
1017 3298 1127 3380 quibus
1151 3319 1222 3361 cum

193 3400 260 3446 orta
282 3382 380 3446 fuisset
400 3379 557 3464 haesitatio,
578 3405 649 3446 curn
671 3383 769 3470 qualis
794 3385 864 3449 eliet
878 3406 954 3448 crux
970 3385 1138 3450 Dominica
1153 3406 1223 3469 pro-

195 3474 257 3558 prie
286 3472 464 3553 nesciretur,
493 3474 577 3536 iuxta
604 3475 811 3538 narrationem
833 3473 983 3557 praedistae
1009 3474 1147 3561 hylaria,
1176 3475 1223 3537 vir

194 3559 373 3625 venerabilis
388 3561 641 3651 Hierosolimorum
659 3567 732 3625 tunc'
748 3563 895 3644 temporis
910 3561 1029 3626 mtistes
1045 3563 1223 3627 Macharius

195 3649 281 3713 solvit
295 3651 374 3713 hanc
388 3649 621 3713 dubitationem.
648 3649 746 3738 Quod
761 3651 812 3735 qui
830 3653 948 3733 plenius
962 3647 1045 3714 nolle
1067 3648 1224 3730 desiderat,

194 3739 326 3801 eiusdem
351 3738 472 3824 hr'slorr'ae
504 3737 615 3802 librum
645 3740 801 3802 decimum
826 3738 913 3822 legat.
944 3739 1001 3802 Sed
1027 3761 1090 3802 non
1115 3740 1224 3804 abste

194 3828 410 3905 iudicavimus,
439 3827 459 3889 sr
489 3827 520 3890 ἃ
546 3828 677 3890 brevitet
706 3828 846 3892 eamdem
874 3828 924 3892 hic
949 3827 1100 3892 rationem
1125 3828 1224 3912 prose-

195 3937 333 3998 quamur.

236 4029 249 4062 ‹
267 4003 315 4066 Eo
332 4019 471 4086 tempore
486 4019 550 4066 erat
565 4004 606 4067 ibi
622 4005 714 4067 vidua
736 4006 862 4066 nomine
884 4004 1025 4084 Libania,
1049 4027 1118 4088 quae
1141 4007 1223 4089 prius

195 4093 290 4157 fuerat
310 4089 427 4169 Iudaea;
452 4091 499 4154 sed
522 4092 667 4155 defuneto
690 4093 754 4155 viro
777 4093 840 4172 suo,
863 4089 990 4172 Isachar,
1011 4091 1118 4156 relicta
1138 4093 1223 4178 syna-

194 4203 281 4266 gogae
304 4179 438 4264 perfidia,
461 4180 594 4243 contulit
616 4179 643 4243 se
664 4181 701 4244 ad
727 4179 894 4244 Ecclesiam
919 4179 1042 4245 Christi.
1068 4181 1144 4244 Haec
1169 4181 1223 4244 illo

195 4289 334 4352 tempore
356 4268 509 4332 subitanea
530 4284 629 4331 morte
655 4283 818 4352 praeventa,
838 4269 980 4352 supremo
1001 4269 1075 4333 flatu
1090 4268 1224 4353 pedoris

195 4359 237 4423 sui
256 4373 426 4422 extremum
448 4355 585 4421 trahebat
606 4357 757 4441 spiritum:
782 4358 912 4421 habebat
932 4372 1035 4422 autem
1056 4376 1222 4426 moerorem
