3354 5706
422 563 474 617 DE
501 563 606 616 LOCIS
630 563 797 618 SANCTIS.
1057 565 1125 643 225

95 780 261 882 positis&
272 780 540 856 inhabitatoribus
556 783 774 858 Chananeus
791 783 980 858 Duodecim
991 786 1128 883 lapides,

96 916 182 988 quos
206 890 298 962 losue
318 887 361 962 de
383 889 521 964 lordane
543 891 614 964 tolli
634 917 837 989 preceperat,
859 895 893 964 in
913 897 1033 991 ecclefiu
1052 894 1129 964 Gal·

94 1001 179 1094 galis
195 998 284 1070 facia
299 999 508 1070 intrinsecust
525 999 612 1070 iuxta
630 1000 767 1096 parietes
784 997 927 1070 eiusdem
943 1001 1061 1089 iacent,
1076 1000 1130 1072 vix

95 1104 213 1204 singuli
229 1130 319 1178 nunc
331 1103 463 1177 duobus
476 1107 550 1179 viris
563 1103 743 1196 elevabiles,
761 1131 903 1201 quorum
925 1131 1007 1177 unus
1020 1107 1129 1178 nescio

98 1239 165 1309 quo
189 1215 267 1285 casu
286 1215 414 1307 fraclus,
435 1213 490 1286 sed
513 1215 598 1286 ferro
621 1212 804 1285 mediantes
828 1215 1056 1285 reconiunclus
1075 1215 1128 1286 est.

98 1320 131 1389 lit
146 1322 239 1391 iuxta
256 1321 378 1392 lericho
396 1322 471 1394 sons
489 1320 568 1393 uber
587 1318 629 1391 ad
641 1344 771 1418 potum,
788 1321 918 1418 pinguis
935 1319 979 1392 ad
993 1321 1129 1420 irrigan-

98 1425 188 1519 dum,
206 1428 277 1523 qui,
295 1426 468 1526 quondam
484 1427 592 1498 sterilis
608 1426 652 1498 ad
667 1425 904 1525 generandum,
917 1453 1035 1525 parum
1050 1428 1132 1500 salu·

97 1532 159 1605 bris
177 1531 221 1604 ad
236 1533 434 1632 potandum,
452 1560 510 1631 per
520 1537 679 1628 Heliseum
695 1533 904 1632 prophetam,
923 1532 1005 1605 dum
1021 1531 1130 1606 saldin

99 1666 174 1712 eum
194 1641 349 1734 mitteret,
367 1642 495 1712 sanatus
512 1641 565 1712 est.
578 1640 729 1737 Denique
747 1666 883 1737 campus
901 1668 978 1712 eum
994 1643 1131 1715 circum-

98 1749 180 1820 iacet
201 1747 408 1846 septuaginta
428 1745 607 1822 stadionnn
631 1749 665 1820 in
686 1746 932 1846 longitudinem
953 1751 994 1820 δι
1013 1750 1130 1848 viginti

98 1856 130 1926 in
145 1853 354 1928 latitudinem
370 1880 499 1954 patens,
515 1857 550 1927 in
567 1880 636 1951 quo
654 1852 807 1926 mirabilis
824 1854 997 1928 hortorum
1012 1858 1128 1954 gratia,

100 1963 186 2036 vatia
203 1961 410 2058 palmamme
425 1990 560 2062 genera,
577 1963 813 2061 prestantissimi
827 1965 941 2059 apium
955 1964 1048 2035 fetus.
1067 1964 1132 2038 lllic

102 2065 353 2165 opobalsamum
364 2070 520 2169 gignitur,
538 2068 631 2165 quod
648 2067 724 2141 ideo
742 2094 819 2140 cum
835 2069 1020 2142 adieclione
1036 2067 1134 2168 figni-

101 2173 245 2266 ficamus,
265 2176 342 2271 quia
354 2176 500 2274 agricole
512 2178 633 2248 cortice
649 2201 762 2248 tenues
779 2177 920 2275 virgulas
933 2177 1036 2248 acutis
1051 2177 1133 2275 lapi-

103 2278 191 2352 dibus
216 2280 379 2372 incidunt,
405 2283 441 2352 in
469 2280 585 2378 quibus
611 2279 754 2354 balsama
777 2309 986 2381 generantur,
1015 2309 1050 2354 ut
1075 2307 1135 2379 per

102 2387 166 2458 illas
181 2413 341 2460 cavernae
358 2389 518 2486 paulatim
532 2387 692 2460 destillans
710 2389 828 2462 humor
844 2391 876 2462 se
889 2391 1026 2490 colligat
1041 2389 1133 2462 lacri-

104 2497 160 2565 mis
185 2496 323 2594 pulchre
348 2493 545 2587 torantibus3
573 2523 711 2570 caverna
736 2521 847 2569 autem
870 2525 970 2597 greco
997 2499 1134 2570 nomine

103 2605 160 2690 t'mj
176 2601 305 2674 dicitur.
323 2601 389 2674 lllic
401 2629 551 2700 cyprum,
565 2603 630 2674 illic
642 2600 894 2696 myrobalanum
909 2605 996 2676 nasci
1016 2605 1135 2678 ferunt.

104 2707 207 2801 Aqua,
234 2733 271 2780 ut
289 2734 398 2781 cetera
420 2708 574 2801 sontium,
595 2709 660 2780 illic
681 2734 791 2780 tamen
811 2709 1014 2806 prestantior,
1038 2713 1135 2783 estate

105 2814 230 2912 frigida,
244 2815 353 2887 hieme
364 2840 492 2924 tepens3
509 2822 566 2887 ae'r
577 2816 718 2906 mollior,
733 2841 767 2886 ut
778 2816 906 2888 summa
922 2815 1029 2889 hieme
1042 2818 1135 2891 lineis

106 2945 231 2992 utantur
258 2920 468 2994 indumentis.
498 2921 582 2995 Urbs
612 2923 682 3019 ipsa
706 2922 841 2995 condita
864 2925 898 2994 in
925 2949 1058 3021 camp0,
1084 2927 1135 2996 cui

105 3027 319 3124 supereminet
330 3054 428 3100 mons
441 3025 584 3100 diffusior
600 3032 634 3101 ἃ
649 3027 756 3102 nudus
767 3031 988 3127 gignentium:
1002 3033 1140 3128 agtumf

105 3137 189 3206 enim
217 3139 274 3206 &1
298 3137 444 3206 ieiunum
464 3135 581 3227 solunt,
609 3133 741 3207 &ideo
765 3132 806 3206 ab
830 3136 946 3208 incolis
968 3135 1135 3210 desermm.

108 3241 169 3312 Hic
185 3267 205 3314 a
223 3241 435 3340 Scythopolis
454 3241 540 3314 urbis
558 3267 640 3314 terra
661 3241 821 3340 usquead
838 3243 1010 3340 regionem
1027 3244 1135 3317 Sodo-

107 3349 263 3420 mitanam
285 3351 321 3420 &
334 3348 522 3445 Asphaltios
539 3348 625 3423 ¹fines
647 3350 739 3421 locus
756 3348 887 3420 diffusus
905 3348 1051 3422 habetur.
1069 3351 1137 3423 Ad·
1211 3341 1215 3350 ’

109 3456 211 3527 versus
224 3455 322 3528 huic*
338 3481 437 3527 mons
455 3456 548 3553 supra
559 3453 733 3528 Iordanem
749 3455 793 3529 ab
806 3453 884 3528 urbe
901 3455 1021 3530 Iuliade
1036 3459 1136 3554 usque

110 3558 150 3630 ad
176 3563 308 3634 Zoarot
336 3559 458 3633 Arabie
489 3562 596 3634 Petree
629 3564 854 3636 conterminos
887 3588 1053 3655 extentus,
1082 3561 1138 3635 ubi

108 3669 201 3740 etiam
233 3696 333 3742 mons
359 3672 486 3741 Ferreus
517 3672 560 3742 est
590 3696 805 3768 nuncupatus.
845 3675 928 3742 {nter
960 3671 1021 3741 hos
1054 3670 1137 3743 duos

111 3800 235 3848 montes
248 3801 384 3872 campus
401 3777 496 3867 iacet,
514 3802 614 3872 quem
626 3801 750 3849 veteres
765 3804 903 3872 magnum
919 3777 1136 3873 appellavere,

112 3879 261 3954 hebraice
298 3906 408 3953 autern
441 3884 530 3953 aulon
540 3937 550 3972 ‚
587 3883 677 3954 cuius
709 3882 886 3981 longitudo
920 3881 1138 3955 ducentorum

145 4101 168 4136 a.
187 4086 231 4137 Ph.
255 4084 330 4138 addit
349 4083 454 4154 spatium
475 4101 525 4137 non
549 4084 591 4137 est.
655 4086 698 4138 Pa.
715 4087 743 4138 ὅ
758 4089 795 4139 Pt.
812 4105 910 4156 egrunn
927 4089 967 4141 ed.
986 4105 1093 4158 aegrum,
1110 4091 1139 4140 0.

113 4163 589 4231 -b.r²b.,a1.altrinseeut.-c.1²t.
655 4183 712 4219 uere
726 4167 865 4235 fiveacre.
883 4195 918 4207 -
939 4185 965 4236 g.
986 4170 1029 4221 rt.
1047 4169 1087 4221 est.
1101 4197 1136 4208 -

112 4239 204 4294 insede.
228 4274 263 4284 -
285 4243 309 4295 d.
338 4245 394 4312 Pb.;
413 4243 448 4298 al.
467 4261 510 4297 vat
532 4243 594 4296 salin
656 4245 681 4298 h.
696 4247 742 4300 ut.
758 4247 832 4298 hunc.

112 4351 144 4361 -
161 4339 181 4374 e.
201 4324 244 4376 Pb.
265 4339 408 4394 pomorum.
429 4353 464 4364 -
482 4323 500 4376 f.
517 4324 596 4388 Med„

1004 4473 1036 4520 ²9
