3390 5720
446 593 497 644 ut
518 591 621 644 noers
638 591 805 644 snucms.
1084 587 1147 668 105

105 836 233 910 XXIV.
251 845 349 912 Porta
366 846 499 933 antiquo,
517 841 601 910 locus
614 844 748 930 seremie,
760 839 857 925 Silae,
873 839 1005 933 bofist'co,
1018 841 1150 932 piscino,

568 949 697 1017 Cedron.

158 1129 288 1202 Exinde
318 1132 467 1202 venimus
496 1129 540 1202 ad
567 1146 712 1221 arcum,‘¹
741 1126 797 1201 ubi
826 1135 948 1222 onrr'quo
969 1154 1062 1224 porro
1091 1127 1154 1198 fuit

108 1237 266 1309 civitatis.
291 1243 325 1309 sn
349 1239 419 1335 ipso
437 1238 516 1309 loco
539 1238 612 1308 sunt
634 1266 708 1332 aque
724 1235 863 1335 putride,
888 1237 921 1305 in
946 1261 1026 1331 quas
1042 1231 1153 1305 missus

109 1344 155 1414 est
185 1349 339 1416 ieremias
366 1345 537 1441 propheta.
573 1343 626 1416 Ab
652 1371 726 1416 arcu
755 1343 812 1414 illo
848 1341 1081 1414 descendentes
1110 1339 1153 1411 ad

103 1456 233 1542 fontem
248 1455 368 1522 Siloam
388 1479 446 1548 per
458 1452 578 1550 gradus
595 1452 728 1543 mustos,
742 1450 885 1522 vidimus
902 1452 1051 1547 bofisicom
1068 1451 1154 1518 vosu-

111 1557 222 1646 bilem,
236 1557 350 1630 subtus
367 1558 410 1630 de
423 1585 488 1655 qua
504 1560 603 1656 surgit
615 1559 719 1631 Sisoe:
734 1583 797 1653 que
811 1555 911 1628 habet
930 1557 1009 1627 solia
1028 1554 1096 1627 duo
1115 1581 1154 1626 ex

114 1691 288 1737 marmore
314 1692 415 1736 manu
446 1665 590 1736 hominis
613 1665 716 1736 facia:
740 1667 823 1734 inter
843 1664 962 1734 solium
984 1665 1019 1733 ὅ(
1035 1663 1155 1734 solium

115 1771 268 1842 clausura
291 1772 529 1844 cancellorum:
542 1773 575 1844 in
590 1770 678 1842 unos
691 1796 752 1867 pro
766 1768 996 1841 benedictione
1007 1771 1156 1841 lavantur

117 1879 177 1947 viri
198 1881 236 1948 ὅ(
264 1879 299 1948 in
319 1878 384 1948 alio
402 1879 559 1950 mulieres.
584 1883 619 1949 sn
646 1875 762 1973 quibus
784 1878 876 1973 aquis
902 1877 1003 1947 multe
1024 1879 1156 1949 virtutes

119 1983 350 2074 ostenduntur,
366 1986 436 2056 imo
454 1989 489 2056 ἃ
505 1984 622 2082 leprosi
639 1983 850 2056 mundantur.
871 1987 958 2055 Ante
976 1985 1094 2054 atrium
1112 1981 1156 2053 est

115 2095 240 2186 piscino
257 2095 389 2186 quadis
413 2119 513 2164 manu
536 2093 679 2164 hominis
706 2093 843 2182 munita,
870 2093 904 2161 in
927 2117 992 2188 qua
1013 2089 1156 2188 populus

121 2197 250 2270 lavatur
272 2196 408 2290 assidue3
437 2225 515 2270 narn
536 2199 611 2270 solis
632 2199 726 2270 certis
748 2198 836 2268 horis
862 2198 937 2268 sons
957 2198 1025 2294 ipse
1045 2197 1158 2294 irrigat

121 2330 223 2401 aquas
242 2305 374 2395 multas,
399 2331 465 2401 que
486 2304 689 2378 descendunt
711 2330 768 2401 per
789 2304 908 2377 vallem
925 2303 1156 2393 Gethsemane,

123 2437 187 2506 que
202 2411 405 2506 &iosaphat
421 2436 569 2503 vocatur,
583 2413 683 2509 usque
701 2410 743 2482 ad
762 2409 934 2483 sordanem
951 2413 985 2480 in
998 2411 1088 2498 soc0,
1101 2407 1158 2480 ubi

123 2516 236 2590 deficit
261 2519 296 2588 in
320 2545 410 2590 mare
428 2518 609 2592 Salinarum
631 2517 739 2590 subtus
755 2517 939 2590 Sodomam
956 2520 991 2588 δι
1008 2521 1156 2589 Gomor-

125 2625 229 2698 tham
246 2645 249 2650 “

127 2863 228 2934 XXV.
252 2871 331 2936 Fons
344 2867 443 2954 Siloa,
463 2867 582 2963 bofisico
598 2870 631 2936 S.
649 2869 805 2961 Stephani,
825 2867 999 2960 Diospolis,
1017 2867 1155 2936 columna
1179 2883 1193 2900 ⁸

523 2974 758 3068 flagellationis.

175 3157 258 3227 Fons
284 3156 373 3228 Siloa
401 3155 506 3228 modo
536 3161 639 3228 intra‘
660 3159 827 3230 civitatem
849 3160 971 3233 inclusa
995 3159 1050 3251 est,
1080 3158 1157 3253 quia

130 3260 281 3354 Eudocia,
304 3265 491 3359 imperatrix
515 3263 595 3360 ipsa,
619 3263 747 3337 addidit
773 3293 884 3338 muros
907 3269 943 3338 in
966 3267 1106 3355 civitate,
1122 3267 1157 3335 δι

131 3368 195 3463 ipsa
221 3370 362 3442 munivit
390 3373 541 3465 bofisicam
572 3373 603 3442 ἐκ
621 3376 795 3469 sepulcrum
812 3379 918 3469 sandi
940 3378 1097 3469 Stephani,
1123 3373 1158 3441 ἃ

132 3475 196 3570 ipsa
216 3478 311 3548 suum
328 3475 427 3550 habet
451 3479 634 3575 sepulcrum
660 3482 748 3552 iuxta
768 3480 952 3577 sepulcrum
973 3481 1074 3552 sancii
1091 3480 1157 3551 Ste-

133 3581 239 3676 phani,
252 3587 289 3655 &
304 3585 388 3655 inter
406 3585 551 3682 sepulcra
571 3587 646 3657 sunt
659 3586 781 3684 gressus
797 3587 885 3660 sert.d
903 3587 938 3658 Et
950 3589 1018 3683 ipse
1031 3587 1158 3658 sancius

133 3689 312 3784 Stephanus
331 3692 500 3788 requiescit
516 3693 595 3763 soris
613 3717 745 3788 portam
762 3693 876 3792 sagitte
889 3695 985 3785 iastu,
1000 3691 1042 3764 ad
1060 3693 1158 3783 viam,

133 3797 165 3865 &
185 3797 238 3870 illa
254 3823 352 3896 porta
374 3825 414 3870 ex
430 3801 566 3871 nomine
593 3797 687 3898 ipsrus
709 3824 855 3872 vocatur.
881 3800 915 3872 Et
940 3802 984 3872 est
1000 3799 1043 3872 ad
1059 3799 1159 3891 viam,

135 3927 194 3997 que
209 3907 340 4003 respicit
355 3903 399 3976 ad
414 3905 635 3999 occidentem,
653 3932 718 4003 que
737 3905 903 3979 descendit
921 3907 963 3978 ad
983 3911 1108 4003 ioppen
1124 3909 1159 3976 δι

135 4009 305 4084 Cesaream
315 4013 464 4084 Palestine
476 4013 528 4085 vel
537 4017 715 4111 Diospolin
724 4014 898 4103 civitatem,
910 4039 973 4109 que
982 4015 1159 4109 antiquitus

135 4111 295 4191 dicebatur
321 4123 461 4191 Azotus:
495 4121 530 4192 in
561 4147 627 4217 qua
656 4121 826 4217 requiescit
849 4121 976 4192 sanctus
1001 4124 1158 4217 Georgius

135 4249 249 4318 massyl.

141 4454 147 4468 ⁸
171 4395 192 4430 ι.
207 4381 353 4448 Ratcham,
361 4385 388 4435 C.
399 4401 493 4437 aream.
503 4413 537 4424 -
547 4385 572 4436 b.
586 4386 615 4437 B.
713 4400 734 4436 c.
750 4385 790 4450 G,
803 4381 836 4436 as.
853 4383 923 4436 infra.
943 4412 974 4422 -
995 4382 1020 4434 d.
1032 4379 1078 4435 Ed.
1088 4379 1160 4450 prin·

141 4473 221 4514 tutum.
677 4471 730 4532 ceps
743 4482 769 4534 p.
782 4483 824 4530 ιο,
836 4463 870 4516 al.
884 4481 921 4532 gt.
938 4482 981 4527 ιο,
994 4462 1040 4514 imo
1053 4466 1095 4513 26.

964 4575 995 4621 ¹4
