3434 5704
476 481 521 559 24
929 458 1043 556 (25⁰)

471 705 551 788 potiti
560 703 671 790 sumus,
688 702 730 765 ita
750 701 808 763 luci
826 701 871 762 illi
891 699 1044 785 propagati
1057 699 1138 786 sunt,
1159 713 1190 761 ut
1208 700 1267 762 iam
1287 701 1364 764 nobis
1384 701 1505 787 latifflmi

475 802 554 865 colles
555 802 662 891 sudent
672 801 810 885 balsama.
826 799 931 862 Similes
940 799 1044 860 vitibus
1045 797 1151 882 stirpes
1160 798 1275 860 babent:
1285 793 1420 863 malleobs
1430 801 1504 883 dige-

477 915 591 978 runtur,
611 898 714 982 rostris
735 897 877 987 nitescunt,
892 919 968 978 aqua
984 897 1119 978 gaudent,
1140 910 1238 958 amant
1256 901 1415 980 amputari,
1429 915 1507 962 tma-

477 1001 551 1062 cibus
555 997 638 1081 foliis
643 995 814 1086 sempiterno
830 995 1042 1057 inumbrantur.
1057 993 1180 1076 Lignum
1195 997 1317 1059 caudicis
1331 1007 1506 1060 attrettatune

469 1099 558 1180 ferro
565 1094 628 1180 stne
641 1117 722 1156 mora
731 1093 869 1156 moritur:
880 1107 1036 1176 eapropter
1046 1107 1098 1155 aut
1111 1092 1187 1154 uitro
1201 1107 1254 1155 aut
1262 1095 1410 1158 cultellules
1423 1095 1508 1180 osseis,

470 1194 529 1284 sed
538 1193 567 1254 in
574 1189 643 1278 sola
656 1191 753 1254 cortice
774 1189 880 1276 artifici
889 1191 980 1273 plaga
1003 1192 1187 1270 vulneratur,
1208 1217 1220 1252 e
1242 1215 1298 1274 qua
1318 1195 1427 1256 eximia
1434 1191 1509 1282 sua-

479 1291 577 1354 vitatis
585 1301 783 1372 guttamanat.
800 1288 866 1370 Post
872 1288 1022 1350 lacrimam
1026 1288 1182 1377 secundum
1189 1290 1218 1352 in
1227 1291 1323 1372 pretiis
1332 1291 1420 1353 locum
1429 1309 1509 1376 poma

480 1391 605 1467 obtinmt,
620 1387 846 1464 cortextertium,
861 1386 971 1448 ultimus
986 1385 1066 1449 bonos
1079 1386 1159 1467 legno.

520 1486 615 1568 Longo
629 1486 665 1547 ab
680 1481 903 1566 Hierosolymis
920 1481 1026 1566 receffu
1041 1483 1126 1568 tristis
1133 1481 1214 1567 finus
1223 1485 1374 1568 panditur,
1389 1510 1466 1568 quem
1479 1487 1511 1548 de

481 1585 546 1646 calo
560 1595 661 1650 tatium
677 1583 795 1666 testatur
818 1579 917 1642 humus
930 1581 1015 1660 nigra
1033 1579 1067 1642 fid
1087 1581 1116 1642 in
1130 1580 1247 1643 cinerem
1260 1582 1380 1670 soluta,·
1402 1585 1443 1646 ibi
1459 1585 1510 1646 duo

481 1681 591 1765 oppida,
610 1679 779 1742 Sodomam
807 1679 977 1739 nominatum
1006 1675 1137 1753 alterum,
1163 1676 1285 1740 alterum
1310 1679 1511 1759 Gomorram,

482 1780 563 1863 apud
575 1801 636 1861 quae
648 1791 758 1860 pomum
773 1776 847 1857 quod
857 1775 996 1857 gignitur,
1010 1775 1113 1836 babeat
1126 1774 1190 1836 licet
1198 1771 1319 1860 speciem
1333 1779 1512 1856 maturitatis,

482 1877 580 1940 mandi
598 1889 689 1936 tamen
709 1897 761 1935 non
780 1875 880 1958 potest:
899 1895 965 1934 nam
977 1873 1131 1956 fuliginem
1151 1873 1317 1962 intrinsecus
1325 1875 1512 1957 favillaciam

484 1973 595 2036 ambitio
609 1985 717 2035 tautum
731 1971 840 2032 extima
854 1967 921 2034 cutis
934 1969 1044 2048 cohibet,
1059 1992 1121 2052 quae
1132 1969 1184 2032 vel
1190 1970 1250 2032 leui
1258 1971 1361 2055 preffa
1376 1983 1449 2035 tattu
1457 1975 1514 2057 see-

484 2093 558 2130 mum
572 2067 689 2129 exhalat
699 2066 852 2155 &fatescit
865 2067 894 2126 in
909 2089 1016 2147 vagum
1028 2065 1185 2147 pulverem.

527 2162 670 2226 Interiora
684 2159 796 2224 Iudaeae
810 2161 968 2224 occidentem
983 2185 1045 2242 qua
1060 2175 1221 2226 contuentur
1236 2160 1337 2225 Effeni
1353 2177 1451 2242 tenent,
1469 2162 1517 2244 qui

485 2259 659 2323 memorabili
678 2260 824 2348 disciplna
845 2259 1018 2342 receſjerunt
1038 2283 1056 2321 a
1076 2259 1135 2321 ritu
1154 2261 1279 2342 gentium
1304 2261 1516 2351 universarum,

486 2357 635 2442 maiestatis
649 2373 681 2419 ut
694 2380 758 2420 reor
769 2355 949 2440 providentia
963 2357 1004 2418 ad
1015 2355 1087 2418 bunc
1101 2379 1204 2419 morem
1218 2358 1365 2440 destinati,-
1382 2357 1462 2419 nulla
1481 2354 1519 2416 ibi

479 2454 613 2539 semina:
626 2478 728 2518 venere
734 2454 770 2543 se
777 2456 886 2537 penitus
896 2454 1112 2532 abdicaverunt,
1119 2455 1268 2536 pecuniam
1279 2455 1411 2545 nesciunt,
1417 2453 1519 2538 palmis

487 2552 636 2624 vittitaat;
650 2575 725 2614 nemo
743 2552 783 2614 ibi
801 2551 930 2638 nascitur
944 2575 991 2613 nec
1005 2565 1096 2613 tamen
1115 2551 1205 2635 deficit
1217 2551 1354 2615 hominum
1368 2552 1519 2616 multitude.

488 2650 578 2713 Locus
597 2650 655 2739 ipse
674 2651 798 2713 addimus
816 2649 958 2731 pudicitia
982 2651 1028 2731 est,
1043 2650 1084 2712 ad
1102 2672 1180 2730 quem
1190 2650 1311 2732 plurimi
1331 2651 1393 2713 licet
1405 2651 1522 2732 undique

486 2749 611 2832 gentium
622 2763 775 2833 properent
780 2780 792 2821 ,·
810 2749 905 2811 nullus
918 2749 1085 2827 admittitur,
1099 2747 1154 2834 nist
1166 2772 1244 2831 quem
1258 2749 1392 2835 ceestitatis
1401 2749 1475 2834 fides
1489 2749 1522 2810 8

492 2847 651 2910 innocentia
667 2847 796 2908 meritum
807 2847 1013 2932 prosequatur:
1028 2869 1094 2908 nam
1108 2847 1156 2928 qui
1165 2869 1230 2909 reus
1241 2849 1276 2929 esl
1288 2847 1416 2910 vellevis
1426 2847 1525 2932 aelpae,

494 2945 743 3034 quamvissumma
761 2957 807 3026 ope
817 2944 934 3033 adipisci
941 2943 1095 3027 ingreffun‘e
1106 2943 1184 3022 velit,
1192 2945 1325 3008 divinitus
1329 2941 1524 3031 submovetur.

494 3042 543 3105 lta
553 3057 607 3125 per
629 3041 781 3129 inmensum
795 3038 925 3127 spatium
943 3041 1123 3126 saeculorum,
1146 3042 1304 3104 incredibile
1318 3043 1401 3121 dau,
1420 3058 1527 3106 atem

490 3163 557 3224 gens
578 3141 615 3224 est
635 3139 801 3223 ceffantibus
818 3140 985 3223 puerperiis.
1004 3138 1132 3222 Engada
1153 3141 1280 3224 oppidum
1296 3141 1382 3224 iodea
1402 3139 1527 3204 Ellenoa

486 3239 562 3322 fuit,
573 3237 625 3322 sed
637 3237 755 3326 excisum
770 3238 817 3320 est,
832 3261 933 3300 oerum
947 3238 1046 3300 inclitis
1057 3239 1210 3301 nemoribus
1229 3237 1321 3301 adbuc
1339 3241 1430 3302 durat
1451 3241 1529 3302 decus

494 3333 618 3425 lucisque
637 3334 806 3416 palmarum
828 3335 1034 3420 eminentiffimis
1052 3335 1124 3398 nibil
1139 3337 1191 3398 vel
1207 3337 1239 3398 de
1261 3359 1325 3398 aeuo
1341 3337 1393 3400 vel
1411 3337 1444 3399 de
1464 3335 1530 3398 belle

499 3432 669 3514 derogatum.
685 3429 797 3494 ludaeae
813 3433 945 3495 terminus
959 3431 1099 3496 Mallada
1112 3433 1263 3512 castellum.

543 3527 671 3618 Transeo
685 3526 883 3607 Damascum,
903 3526 1154 3610 philadelphiam,
1169 3527 1371 3610 Rhaphanam
1383 3551 1390 3592 :
1402 3529 1529 3614 Scytho-

499 3625 562 3709 poli
574 3628 680 3709 primos
697 3625 801 3688 incolas
822 3627 856 3687 id
876 3634 1015 3688 auetorem
1039 3626 1118 3687 dabo.
1140 3624 1229 3687 Liber
1249 3641 1345 3709 pater,
1367 3651 1428 3690 curn
1452 3628 1531 3690 burna

498 3723 633 3786 nutricem
652 3723 821 3806 tradidcfflt,
841 3724 960 3784 condidit
979 3722 1026 3785 boc
1047 3724 1184 3806 oppidum,
1200 3737 1231 3785 ut
1238 3724 1402 3812 sepultura
1422 3725 1531 3788 titulun

498 3822 580 3883 etiam
596 3821 675 3883 urbis
689 3821 826 3883 maenibus
840 3820 1011 3903 ampliaret,·
1025 3819 1122 3882 incolae
1145 3822 1270 3900 deerant,
1285 3846 1298 3882 e
1316 3823 1455 3885 comitibus
1468 3823 1532 3909 sut's

499 3913 610 3997 Scythas
632 3916 739 3999 delegit,
759 3939 822 3998 quos
846 3932 878 3979 ut
897 3917 985 3978 animi
998 3916 1137 3999 firmaret
1156 3919 1197 3978 ad
1212 3933 1370 4000 promptam
1395 3919 1533 4005 resfieaab'

500 4013 676 4092 uiolentiam,
686 4015 838 4096 praemium
856 4015 906 4076 loci
921 4037 1015 4076 nomen
1030 4015 1111 4076 dedit.
1128 4013 1163 4076 ln
1179 4013 1316 4078 Seleucia
1331 4017 1405 4078 alter
1419 4016 1533 4080 Caffius

501 4133 575 4173 mons
595 4110 643 4193 est,
657 4111 834 4175 Antiochiae
852 4111 1034 4196 propinquus,
1059 4111 1169 4174 cuiuse
1195 4113 1300 4175 vertice
1323 4113 1426 4197 vigilia
1446 4111 1533 4175 adbuc

504 4222 612 4290 quarta
622 4206 787 4294 conspicitur
797 4210 893 4292 globus
895 4209 965 4294 solis
977 4213 1011 4272 ὃ
1033 4211 1116 4272 brevi
1128 4211 1249 4293 corporis
1263 4211 1430 4272 circumactu
1445 4210 1532 4274 radiis
