3390 5720
489 508 541 560 DE
557 508 663 562 LOCIS
678 507 845 560 SANCTIS.

151 629 351 640 ———·

267 747 345 818 XIII.
370 751 498 834 Iericho,
520 749 669 842 Galgoh,
687 775 809 842 compos
819 751 911 842 socer
928 751 1068 818 Uomt'nt'.

199 935 254 1006 De
273 929 411 1002 Iordane
433 931 534 1026 usque
560 930 602 1002 ad
620 937 738 1003 Iericho
763 933 837 1003 sunt
860 931 960 1002 millia
979 932 1040 1002 sex.
1061 930 1184 1002 Iericho

146 1043 183 1114 in
203 1038 307 1110 oculis
328 1037 500 1108 omnium¹²
516 1037 644 1108 videtur
671 1063 706 1110 ut
728 1037 902 1133 paradisus.
928 1041 956 1108 Α
984 1060 1068 1108 terre
1091 1063 1185 1110 motu

148 1149 238 1220 muri
255 1144 361 1216 diruti.
380 1146 510 1214 Domus
528 1141 616 1214 Raab
638 1145 708 1235 stat,
733 1170 797 1241 que
815 1146 859 1214 est
876 1142 1133 1234 xenodochium,
1151 1148 1186 1215 δι

148 1255 258 1352 ipsum
276 1249 474 1338 cubiculum,
497 1253 530 1320 in
549 1276 616 1346 quo
634 1253 856 1348 exploratores
874 1251 1035 1350 deposuit,
1054 1252 1099 1323 est
1117 1279 1186 1322 oro·

149 1370 263 1434 corium
284 1361 395 1429 Sandie
410 1361 538 1428 morie.
561 1358 697 1454 Lapides
718 1387 798 1432 vero
816 1363 871 1451 illi,
891 1387 974 1459 quos
998 1363 1187 1433 levaverunt

149 1467 209 1560 filij
228 1468 319 1556 Israel
336 1463 378 1536 de
396 1465 545 1558 Iordane,
563 1492 631 1537 non
650 1468 751 1565 longe
769 1495 789 1539 a
806 1471 935 1541 civitate
955 1468 1076 1540 Iericho
1091 1461 1187 1563 positi

150 1577 226 1647 sunt
247 1574 281 1644 in
299 1569 428 1644 basilica
442 1574 516 1669 post
540 1573 649 1665 altare,
666 1578 701 1645 δι
723 1600 798 1646 ante
821 1573 984 1647 basilicam
1003 1576 1048 1648 est
1065 1599 1186 1668 campus

143 1687 236 1779 sacer
247 1687 387 1770 Domini,
401 1683 434 1752 in
448 1708 517 1778 quo
527 1683 691 1752 Dominus
705 1709 806 1753 manu
823 1683 877 1753 sua
891 1684 1072 1772 seminavit,
1084 1682 1187 1752 serens

151 1790 259 1858 satum
288 1789 387 1882 usque
413 1786 458 1859 ad
485 1787 617 1859 modios
647 1813 720 1880 tres,
747 1793 804 1886 qui
830 1792 929 1860 etiam
961 1788 1066 1860 bisin
1096 1813 1187 1859 anno

151 1893 330 1990 colliginu,
349 1920 383 1966 at
401 1897 511 1967 mense
531 1893 704 1987 februario,
720 1920 755 1966 ut
773 1895 891 1968 exinde
907 1898 939 1967 in
959 1894 1078 1991 pascha
1094 1919 1186 1963 com·

151 2001 347 2087 municetur.
365 2002 454 2072 Cum
475 2001 651 2072 colledum
670 2001 775 2092 luerit,
796 2027 903 2073 aratur
925 2003 1092 2072 &iterum
1111 2024 1188 2070 cum

151 2107 279 2204 reliqua
305 2105 405 2180 messe
430 2108 606 2206 colligitur,
627 2113 662 2181 ὅ(
682 2135 854 2204 nunquam
873 2110 992 2200 I‘eritur,
1018 2106 1073 2180 sed
1095 2133 1133 2178 ex
1156 2105 1188 2176 se

151 2217 282 2314 profert
306 2216 426 2287 semen.

503 2455 587 2527 XIV.
614 2461 691 2526 Fons
712 2459 845 2550 Heliser'.

205 2643 251 2711 Ατ
265 2666 343 2710 vero
357 2640 432 2711 sons
445 2667 542 2736 aque,
554 2665 654 2736 quam
670 2640 850 2711 indulcavit
859 2640 1004 2712 Heliseus
1017 2640 1191 2738 propheta,

152 2748 268 2844 irrigat
282 2773 418 2818 omnem
433 2748 567 2838 Iericho,
581 2745 636 2819 ubi
649 2748 787 2818 nascitur
800 2749 914 2818 vinum
932 2747 1081 2844 potens,l
1099 2746 1191 2843 quod

155 2850 414 2927 febricitantibus
442 2854 546 2928 datur.
576 2852 621 2926 Ibi
646 2856 820 2925 nascuntur
850 2853 981 2946 dadiyli,
1010 2881 1049 2925 ex
1074 2851 1191 2949 quibus

156 2987 290 3032 mecum
307 2961 428 3034 adduxi
451 2963 485 3032 in
503 2962 710 3058 provinciam
731 2965 884 3033 &unum
902 2959 1048 3032 ¹domino
1068 2961 1191 3033 Paterio

153 3070 296 3164 patricio
311 3068 396 3140 dedi.
417 3067 461 3140 Ibi
480 3069 619 3140 nascitur
635 3071 669 3138 ἃ
683 3067 796 3140 cedrus
814 3067 856 3139 de
873 3066 988 3138 cubitis
1001 3070 1033 3140 xl
1049 3072 1083 3139 dc
1100 3071 1192 3166 virga

157 3173 271 3247 sastola
287 3175 387 3274 pedes
405 3175 488 3247 duos
508 3176 621 3273 longa.
646 3174 691 3246 Ibi
713 3169 805 3245 est&
822 3177 905 3264 vitis,
926 3175 1013 3246 unde
1031 3179 1066 3246 in
1083 3177 1192 3246 ascen-

155 3282 247 3356 stone
258 3284 396 3354 Domini
409 3283 506 3378 plene
519 3283 594 3352 cille
606 3283 741 3352 racemis
753 3281 787 3351 in
802 3281 1050 3352 monteOIiveti
1063 3281 1193 3351 venales

156 3392 243 3482 sunt,
269 3395 305 3461 δι
327 3391 361 3460 in
385 3389 572 3486 pentecoste
598 3390 739 3459 mustum
765 3390 799 3457 ἃ
826 3386 943 3458 exinde
968 3389 1073 3459 calata
1096 3387 1195 3486 plena

156 3521 401 3596 proponuntur.

196 3738 269 3809 XV.
287 3741 392 3808 olrbor
404 3741 532 3822 Zuchet',
552 3733 728 3804 Sodoma&
745 3738 926 3819 Gomorrha,
938 3739 1043 3826 statuo
1054 3719 1151 3826 silis.

210 3923 365 3997 Exeuntes
384 3922 426 3994 de
445 3923 567 3994 Iericho
582 3924 731 3994 venimus
748 3945 865 3993 contra
885 3917 1097 3990 Hierusalem.
1116 3915 1196 3986 Non

156 4035 265 4131 longe
289 4059 309 4102 a
333 4034 463 4102 civitate
486 4031 606 4102 Iericho
624 4030 667 4100 ell
693 4029 748 4098 IIIa
764 4033 864 4114 orbor,
886 4029 919 4096 in
942 4051 1044 4122 quam
1057 4029 1198 4093 Zucheus

158 4139 318 4232 ascendit,
328 4167 363 4210 ut
371 4138 495 4219 videret
506 4139 701 4226 Dominum,
716 4139 749 4206 &
761 4137 865 4207 intras
882 4134 1064 4204 oratorium
1076 4129 1198 4202 incIusa

193 4400 217 4440 e
236 4383 261 4434 r.
275 4380 414 4435 hominum.
431 4409 464 4423 -
485 4381 509 4432 s.
524 4380 563 4444 u,
579 4379 616 4444 n,
631 4377 686 4428 rer.
701 4375 823 4448 phiscon.
838 4403 871 4416 -
885 4391 906 4426 c.
920 4376 960 4440 o,
973 4372 1007 4426 at
1022 4345 1092 4426 rita.
