3354 5706
506 515 572 585 180
916 529 1112 583 Ancotrus

499 747 651 847 greditur.
668 749 777 819 Postea
786 747 906 839 lacum,
920 749 975 844 qui
987 749 1139 819 Genezar
1151 746 1279 839 dicitur,
1295 745 1409 819 medio
1424 747 1524 822 transit

498 854 658 944 fluento,⁶
675 853 791 950 quibus
809 880 849 926 ex
863 854 946 924 locis
962 854 1103 951 plurima
1121 855 1381 952 circumvagatus
1395 852 1521 942 deserta,

500 960 668 1057 Asphaltio
686 960 853 1057 suscipitur
868 959 952 1050 lacu,
971 958 1089 1055 atquel
1106 961 1140 1030 in
1158 987 1233 1032 eum
1248 959 1411 1034 conditur.
1422 966 1524 1057 Itaque

501 1068 584 1140 duos
596 1068 685 1139 lacus
703 1070 809 1141 vidior
826 1065 978 1166 egressus,
996 1069 1030 1138 in
1048 1069 1144 1141 tertio
1162 1070 1261 1140 heret.

797 1299 908 1372 XVIII.
935 1306 986 1372 De
1003 1307 1081 1372 muri
1099 1301 1233 1372 Golilee.

548 1460 665 1533 Noster
681 1461 755 1558 sepe
768 1482 968 1531 memoratus
986 1459 1111 1530 sanstus
1126 1459 1277 1530 Arculsus
1295 1489 1378 1532 mare
1397 1463 1528 1546 Galilee,

502 1566 595 1664 quod
611 1571 645 1639 ἃ
667 1568 755 1638 lacus
772 1566 953 1639 Cinnereth
975 1567 1009 1636 ἃ
1027 1591 1115 1636 mare
1131 1563 1312 1638 Tiberiadis
1329 1568 1531 1656 nominatur,

500 1701 540 1745 ex
557 1675 681 1744 maiore
700 1673 882 1746 circumivit
896 1693 997 1768 parte,
1015 1673 1068 1741 cui
1085 1697 1206 1770 magne
1224 1673 1363 1744 finitime
1377 1672 1532 1746 adherent

499 1778 582 1852 silve.
604 1780 704 1852 lacus
724 1780 803 1877 ipse,
824 1778 925 1851 veluti
952 1776 1100 1873 quodam
1121 1781 1218 1850 maris
1251 1777 1377 1852 ambitu
1400 1779 1533 1876 amplis·

501 1884 607 1977 simus,
616 1889 649 1956 in
659 1883 867 1984 longitudine
880 1909 1011 1955 centum
1028 1887 1063 1955 ὅ(
1077 1883 1295 1984 quadraginta
1306 1884 1408 1957 stadia
1425 1911 1533 1956 exten·

501 1989 597 2083 dicut,
607 1991 780 2065 latitudine
789 1989 1008 2088 quadraginta
1017 1987 1219 2080 diffunditur,
1230 1993 1321 2062 cuius
1329 2017 1415 2088 aque
1424 1990 1534 2063 dulces

501 2100 536 2169 δι
561 2098 604 2170 ad
628 2098 816 2195 potandum
841 2099 913 2170 sunt
938 2094 1278 2192 habiles‚‘s1quidem
1302 2123 1364 2169 nec
1391 2099 1534 2195 palustris

502 2201 632 2300 uliginis
645 2203 785 2277 crassum
803 2203 928 2301 aliquid
944 2227 1000 2275 aut
1013 2200 1176 2274 turbidum
1189 2205 1359 2299 recipiunt,
1374 2206 1452 2300 quia
1469 2229 1535 2275 are·

504 2309 586 2381 noso
596 2310 741 2408 undique
751 2313 861 2384 littore
870 2311 1133 2401 circumvenitur,
1146 2309 1233 2382 unde
1241 2311 1276 2380 &
1284 2311 1397 2406 purior
1406 2309 1534 2381 haustus

502 2418 568 2488 eius
593 2442 632 2488 ac
657 2417 798 2490 melord
819 2419 863 2489 est
890 2415 932 2488 ad
951 2417 1052 2488 usum.
1087 2421 1219 2488 Genera
1245 2442 1380 2513 quoque
1400 2417 1535 2514 piscium

504 2523 645 2622 gustu&
658 2526 763 2622 specie
778 2526 939 2621 nusquam
951 2525 985 2595 in
1002 2523 1067 2594 alio
1081 2524 1165 2594 lacu‘
1177 2523 1389 2619 prestantiora
1400 2524 1536 2595 inveniri

506 2627 649 2726 possunt.

553 2737 627 2809 Hec
644 2736 754 2810 brevia
771 2736 813 2809 de
827 2736 971 2808 Iordanis
984 2735 1120 2809 exordio
1133 2740 1168 2808 ὅ(
1178 2737 1251 2808 lacu
1266 2736 1447 2807 Cinnereth
1463 2763 1535 2834 par·

504 2846 563 2914 tim
581 2843 623 2916 de
640 2847 735 2918 tertio
755 2843 882 2916 Iudaice
901 2844 1095 2942 captivitatis
1111 2843 1208 2935 libro,
1225 2843 1344 2941 partim
1357 2842 1400 2914 de
1413 2843 1533 2916 Arculfi

504 2953 701 3048 experientia
722 2975 872 3048 excerpta
889 2950 1072 3022 retulimus:
1091 2953 1158 3047 qui,
1177 2974 1212 3021 ut
1228 2951 1295 3048 ipse
1312 2947 1533 3022 indubitanter

505 3059 612 3150 refert,
627 3056 675 3129 ab‘
681 3084 722 3128 eo
734 3058 824 3147 Ioco,
842 3082 910 3152 quo
924 3056 966 3128 de
979 3054 1124 3129 faucibus
1138 3058 1235 3128 maris
1248 3056 1377 3129 Galilee
1392 3054 1535 3128 Iordanis

505 3161 678 3262 egreditur,
697 3165 796 3260 usque
819 3163 958 3235 adeum
979 3164 1104 3254 locum,
1131 3164 1186 3236 ubi
1204 3167 1238 3234 in
1261 3189 1349 3234 mare
1369 3163 1536 3233 Mortuum

502 3270 612 3362 intrat,
626 3269 728 3340 ottof
740 3267 866 3340 dierum
883 3273 943 3342 iter
959 3268 1081 3342 habuit:
1101 3269 1192 3365 quod
1211 3269 1329 3340 scilicet
1343 3267 1432 3340 idem
1449 3295 1537 3340 mare

505 3375 699 3448 lalsrll’unum
723 3375 765 3448 de
793 3378 914 3450 montis
935 3375 1059 3449 Oliveti
1082 3377 1209 3473 specula
1231 3377 1346 3474 sepius,
1366 3372 1446 3446 licut
1468 3377 1536 3472 ipse

506 3507 622 3577 narrat,
639 3484 764 3555 lansius
781 3485 947 3582 prospexit
963 3484 1123 3554 Arculfus.

715 3714 797 3786 XIX.
826 3719 876 3785 Ue
892 3719 916 3784 S
918 3721 1012 3785 t'clrem
1029 3716 1060 3786 ἃ
1073 3741 1165 3812 puteo
1184 3721 1208 3786 S
1209 3723 1334 3789 amarit.

554 3881 714 3974 Arculfus,
739 3881 887 3954 sacerdos
913 3884 1049 3974 santius,
1079 3887 1252 3982 regionem
1273 3887 1417 3958 Samarie
1445 3913 1537 3985 pera·

505 4014 612 4087 grans,
629 3989 671 4060 ad
684 3992 750 4060 eius
766 3991 932 4086 provincie
945 3993 1092 4088 pervenit
1109 3993 1284 4084 civitatem,
1302 4019 1365 4090 que
1383 3993 1533 4066 hebraice

542 4229 563 4264 a.
582 4213 607 4263 L.
626 4211 735 4264 fluendo.
756 4241 787 4251 -
812 4214 835 4265 b.
857 4214 883 4264 L.
905 4211 989 4281 usque.
1051 4212 1104 4264 lior.
1125 4241 1152 4249 -
1173 4231 1194 4266 e.
1212 4212 1341 4279 Sr'tscribo
1359 4225 1387 4268 ut
1405 4217 1487 4284 nean
1502 4215 1534 4268 al.

509 4309 577 4346 -c.
593 4293 620 4344 L.
639 4292 766 4348 amabiles.
784 4323 817 4334 -
835 4293 912 4347 dds.
927 4293 990 4346 nrol·
1052 4292 1116 4346 loco.
1139 4292 1204 4346 -s.
1220 4295 1246 4345 L.
1260 4292 1301 4364 vij.
