3296 5700
531 520 600 593 280
685 532 1011 586 sauoutmoumms
1037 529 1394 584 nnunnuunnrausts

531 754 595 824 huc
611 750 735 824 ibidem
752 751 907 847 operariis
923 751 1027 822 latum
1040 773 1139 846 atque
1151 750 1328 847 spatiosum
1341 748 1456 822 divine
1475 749 1564 846 sege

532 863 571 932 tis
588 884 756 956 campum,
772 859 862 930 sacra
880 859 1008 954 superni
1024 855 1115 930 verbi
1139 858 1206 928 sata
1225 854 1370 946 serendo,
1392 857 1504 951 usque
1524 855 1566 926 ad

532 963 667 1038 messem
681 963 890 1063 perducebat.
911 965 946 1036 Et
964 962 1041 1035 stcut
1055 989 1133 1060 apes
1147 961 1401 1060 prudentissime,
1419 988 1494 1057 que
1510 989 1566 1060 per

533 1099 697 1172 purpurea
712 1073 875 1144 violarum
887 1074 1009 1144 virena
1022 1074 1058 1142 δι
1071 1096 1128 1167 per
1139 1070 1246 1142 sulvos
1265 1069 1431 1140 frondium
1445 1066 1566 1138 floscu-

530 1182 581 1252 los
594 1184 629 1252 dt
646 1206 704 1277 per
721 1178 810 1251 olida
829 1178 956 1250 olerum
968 1175 1086 1248 florida
1101 1177 1233 1248 letalem
1243 1177 1405 1271 liquantes
1416 1179 1566 1248 toxicam

532 1289 567 1358 &
590 1284 807 1358 suavissimum
836 1281 1000 1354 sorbentes
1024 1283 1157 1354 succum
1184 1283 1331 1372 nessani,
1364 1285 1401 1354 δι
1426 1281 1477 1352 stc
1497 1308 1567 1354 cru·

532 1393 617 1466 ribus
641 1395 676 1464 &
693 1415 766 1462 toto
786 1414 927 1486 corpote
947 1391 1066 1460 referta
1083 1389 1126 1460 ad
1148 1391 1287 1463 alvearia
1304 1389 1470 1489 gestando
1492 1417 1569 1488 pro-

531 1525 661 1597 perant:
678 1496 720 1568 src
732 1500 767 1568 dt
785 1497 837 1568 ille
850 1494 963 1568 beatus
978 1494 1117 1567 barilion
1130 1495 1340 1569 Willibaldus
1350 1499 1385 1568 in
1396 1495 1569 1586 omnibus,

531 1634 595 1705 que
617 1607 681 1677 late
696 1602 862 1676 lustrando
879 1603 1020 1700 propriis
1043 1601 1198 1675 cernebat
1221 1603 1409 1693 luminibus,
1434 1607 1568 1700 optima

531 1712 686 1811 eligendo
698 1710 883 1809 arripiebat,
902 1708 1156 1808 arripiendoque
1173 1709 1326 1783 omnibus
1343 1709 1400 1782 srbi
1419 1710 1570 1782 subdito·

530 1847 602 1892 rum
619 1820 838 1918 phalangibus
861 1823 948 1891 resse
970 1817 1384 1891 conversationis'studium
1406 1817 1502 1890 bene
1527 1821 1570 1889 vi·

531 1925 642 2000 vendo
667 1929 701 1998 in
722 1925 835 2016 verbo,
862 1927 896 1996 in
922 1927 1078 1999 vitiorum
1099 1925 1283 2016 obstaculis,
1307 1926 1342 1996 in
1370 1927 1515 2021 pietate,
1539 1927 1569 1996 in

530 2030 691 2124 bonitate,
719 2034 945 2131 inpatientia,
976 2036 1008 2102 in
1034 2031 1224 2105 abstinentia
1251 2034 1371 2128 peritus
1400 2033 1570 2127 prolatam

529 2137 687 2236 prebebat
703 2165 869 2212 normam.

554 2375 703 2448 XXXlX.
722 2380 864 2468 Undique
881 2381 921 2446 ud
939 2379 1103 2471 apostolum
1122 2382 1336 2449 baioariorum
1355 2381 1550 2470 corrysrtttrtt.l

580 2560 636 2632 Ast
652 2562 721 2631 cito
734 2561 907 2657 postquam
917 2561 969 2632 ifle
984 2561 1289 2632 strenuusalmiDei
1299 2559 1420 2632 athleta
1431 2561 1569 2631 monas·

532 2667 677 2740 terialem
698 2664 871 2738 mansionis
887 2667 1000 2738 locum
1017 2667 1196 2741 inhabitare
1214 2668 1313 2764 cepit,
1338 2665 1446 2736 statim
1475 2666 1569 2738 undi-

530 2801 595 2871 que
613 2773 654 2846 de
676 2773 736 2844 illis
753 2775 928 2870 regionum
944 2776 1123 2870 provinciis
1139 2779 1175 2846 ἃ
1195 2773 1404 2844 nihilominus
1428 2771 1480 2844 de
1505 2775 1569 2845 aliis

528 2880 719 2978 longinquis
743 2881 917 2976 regionum
938 2879 1093 2952 limitibus
1110 2881 1152 2952 ad
1170 2879 1411 2952 saluberrimum
1429 2882 1510 2950 eius
1526 2881 1568 2951 sa-

529 2989 653 3084 pientie
671 2984 819 3082 dogmab
835 2984 1001 3058 confluere
1023 3013 1192 3084 ceperunt,
1217 3013 1301 3084 quos
1325 2987 1376 3058 ille
1399 2986 1568 3082 quodan-

532 3093 637 3164 modo
654 3117 783 3182 omnes,
805 3117 840 3161 ut
856 3091 977 3188 gallina
996 3118 1059 3189 que
1077 3091 1133 3165 sub
1153 3094 1210 3164 alis
1226 3094 1307 3164 solet
1324 3092 1398 3163 suos
1416 3092 1569 3190 tegendo

530 3200 669 3270 enutrite
687 3199 781 3286 setus,
801 3199 846 3268 ita
863 3197 916 3268 ille
934 3224 1026 3295 pater
1040 3197 1249 3271 Willibaldus
1263 3202 1298 3270 dt
1311 3223 1414 3268 mater
1429 3197 1568 3270 Ecclesia

531 3305 640 3403 plures
657 3330 715 3400 per
732 3331 830 3377 evum
844 3305 897 3375 sue
911 3307 1039 3401 pietatis
1049 3331 1162 3401 parma
1175 3303 1395 3403 protegendo,
1411 3307 1568 3376 Domino

531 3408 699 3484 deserebat
718 3409 895 3505 adoptivos
919 3437 1023 3484 natos.
1050 3413 1085 3483 Et
1101 3411 1386 3509 quemadmodum
1413 3411 1569 3484 alumnus

534 3520 608 3590 suos
625 3518 710 3589 alere
727 3519 809 3590 solet
825 3520 976 3611 infantes,
996 3523 1040 3592 ita
1056 3525 1090 3592 ὅ(
1103 3522 1156 3592 ille
1176 3520 1369 3594 enutriendo
1386 3519 1569 3614 divineque

532 3628 659 3723 pietatis
684 3625 768 3696 laese
793 3626 908 3698 leniter
932 3627 1087 3700 lassando
1116 3627 1280 3725 pascebat,
1310 3625 1502 3722 usquedum
1528 3628 1567 3697 illi

531 3733 660 3804 confoti
677 3731 772 3803 &de
793 3733 932 3805 infantia
952 3734 1069 3805 eruditi
1090 3734 1321 3832 eleganterque
1334 3733 1446 3806 edocti
1467 3735 1567 3830 usque

531 3836 575 3912 ad
596 3841 772 3912 iuvenilem
793 3841 926 3936 pulchre
950 3841 1070 3913 indolis
1086 3825 1297 3936 'pubertatem
1316 3859 1564 3938 pervenerunq'

530 3949 565 4018 ἀ
575 3971 674 4037 nunc,
689 3943 869 4018 secundum
880 3948 1022 4045 magistri
1029 3947 1233 4044 precedentis
1241 3947 1441 4044 exemplum,
1456 3947 1565 4019 santra

532 4054 689 4125 sociantes
708 4053 932 4151 dogmatumd
942 4053 1043 4144 dona,
1065 4054 1174 4126 multis
1192 4055 1315 4126 micant
1330 4052 1565 4125 adminiculis‘

565 4221 588 4256 a.
611 4199 707 4256 titulus
727 4205 751 4252 d.
768 4201 794 4253 itt
812 4203 836 4254 Ρ.
855 4230 890 4240 -
911 4203 935 4254 b.
956 4205 1016 4256 sude
1104 4204 1130 4254 d.
1145 4204 1200 4256 Mb.
1213 4204 1289 4256 addit
1298 4205 1438 4256 eius—e.
1452 4204 1563 4259 nram

530 4281 618 4352 rursus
627 4283 750 4336 rhu—c.
763 4281 820 4334 Mb.
829 4281 941 4352 peruenti
951 4283 1012 4334 sunt.
1078 4281 1202 4336 minitula.
