3434 5704
500 509 547 587 66
963 513 1069 614 (373)

570 754 603 818 [S.
621 752 803 825 Hieronymus,
821 753 924 822 Epistola
942 755 1028 818 XXII,
1046 755 1084 806 ad
1095 752 1245 818 Eustochium
1257 753 1369 822 (Migne,
1390 757 1460 808 Patr.
1479 755 1531 820 lad,

499 833 586 894 XXII,
596 850 619 885 c.
633 840 691 901 398,
700 834 779 908 436),
793 834 825 887 cf.
839 833 941 904 Epistola
950 837 1009 897 XV,
1021 836 1058 886 ad
1066 833 1202 901 Damasum
1211 841 1304 902 papam
1313 833 1434 902 (ibril.,c.
1447 853 1461 900 3
1466 837 1528 904 56).]

540 981 552 1010 ι
573 953 613 1016 Et
626 976 665 1017 ne
691 957 769 1018 sorte
794 955 960 1019 obscuritas
982 956 1054 1034 loci,
1075 957 1105 1018 in
1121 977 1183 1039 quo
1200 956 1289 1039 dego,
1313 954 1399 1019 sallat
1412 957 1529 1020 baiulus

498 1042 676 1122 litterarum,
703 1045 739 1106 ad
756 1042 923 1127 Evagrium
949 1043 1168 1128 presbyterum,
1192 1064 1285 1127 quem
1308 1045 1428 1126 optime
1442 1045 1529 1125 nolli,

498 1132 623 1215 dignare
638 1134 745 1215 scripta
760 1132 968 1197 transmittere.
988 1159 999 1190 a
1151 1142 1157 1154 ·

569 1250 605 1319 [S.
623 1253 804 1323 Hieronymus,
816 1251 918 1322 Epistola
931 1254 991 1316 XV,
1010 1255 1048 1304 ad
1058 1250 1198 1320 Damasum
1207 1257 1300 1318 papan
1320 1251 1438 1320 (Migne,
1457 1254 1526 1308 Patr,

496 1331 713 1481 lffl.cX}ls,⁷)c.]
727 1334 802 1399 358),
825 1330 856 1383 cs.
876 1330 978 1400 Epistola
991 1334 1025 1396 V,
1045 1335 1083 1384 ad
1096 1331 1241 1386 Florentium
1253 1331 1370 1402 (Migne,
1393 1334 1462 1386 Patr·-
1475 1333 1529 1398 lat,

356 1562 386 1606 a.
413 1553 480 1634 373
496 1545 706 1613 Ammonius
722 1549 882 1612 monachus
899 1543 929 1612 d
946 1543 1138 1615 Snvnnus.
1165 1557 1226 1627 (59)

567 1667 744 1732 [Ammonius,
765 1669 803 1720 De
819 1667 969 1736 martyribus
985 1666 1108 1720 &criticis
1122 1666 1278 1736 (Combesie,
1292 1665 1424 1734 lslustrim
1438 1663 1529 1732 Giristt'

496 1757 631 1815 marturum
637 1745 693 1800 leui
701 1746 827 1816 triumphi,
841 1745 928 1812 Paris,
943 1750 1018 1812 1660,
1028 1746 1095 1812 ἱππ-8,
1106 1763 1132 1816 p.
1145 1746 1208 1816 88),
1222 1749 1384 1812 Soaomenru,
1395 1743 1527 1813 lustaus,

494 1825 511 1876 Ι.
526 1830 555 1891 V,
568 1842 590 1878 c.
603 1831 636 1878 ιε
650 1826 767 1896 (Migne,
784 1831 850 1880 Patr.
858 1844 912 1896 gr,
925 1827 1030 1893 LXVII,
1041 1844 1063 1880 c.
1082 1828 1184 1895 1392).]

530 1923 585 1989 (Cl.
598 1923 692 1977 Itinera
702 1941 799 1992 graeca,
811 1925 845 1990 l.)

359 2091 386 2137 c.
411 2085 476 2165 373
495 2058 761 2150 Ammonius
783 2057 1040 2151 monachus.
1054 2093 1116 2158 nvn

534 2197 627 2280 [Λόγος
640 2205 696 2277 περί
709 2204 758 2260 eoin
773 2197 950 2274 ἀναιριθὲντων
963 2203 1012 2261 irre‘
1027 2203 1078 2261 euin
1093 2200 1225 2274 Boepssu'pui
1246 2200 1267 2260 i'u
1280 2202 1317 2275 epi
1330 2199 1396 2262 Σινοὶ
1415 2197 1468 2272 ipra,
1479 2203 1524 2258 uui

492 2291 514 2350 ir
525 2292 560 2366 rii
570 2293 660 2350 Porioi
672 2293 754 2357 dyiur
764 2293 882 2364 πατέρων.
898 2290 1053 2359 (Combelia,
1069 2289 1200 2358 Illuflrium
1214 2289 1305 2357 ΟΙινῖᾐὶ
1322 2300 1459 2360 maryres
1470 2286 1526 2342 retas·

493 2370 619 2439 triumphi,
631 2388 657 2440 p.
676 2370 806 2440 88·r32).l

409 2521 474 2602 373
493 2512 676 2583 Mutuum
694 2530 825 2583 muron
842 2510 873 2580 d
893 2511 1053 2584 Rurruus
1069 2513 1285 2608 aquileienfis.
1304 2523 1366 2592 (⁶0)

534 2657 547 2689 ‹
571 2631 613 2695 Et
637 2634 709 2716 quia
733 2635 823 2696 frater
849 2632 991 2713 Rufinus,
1019 2635 1070 2717 qui
1096 2655 1168 2695 cum
1195 2631 1293 2695 sanda
1322 2629 1465 2696 Melania
1486 2630 1523 2693 ab

493 2719 606 2803 AEgypto
621 2720 818 2809 lerosolymam
833 2720 944 2786 veniffe
957 2737 1106 2801 narratur,
1118 2721 1273 2786 individua
1284 2721 1359 2784 mihi
1369 2717 1522 2804 germani·

493 2808 562 2871 tatis
575 2809 701 2873 caritate
719 2832 876 2876 connexus
897 2809 950 2891 est,
968 2812 1069 2895 quaeso
1094 2825 1129 2873 ut
1147 2809 1306 2893 epistolam
1330 2829 1433 2872 meam
1452 2807 1524 2872 lruic

492 2897 629 2980 epistolae
643 2915 703 2963 tuae
717 2898 904 2982 copulatam,
916 2900 943 2963 ei
960 2900 1086 2963 reddere
1100 2920 1161 2962 non
1176 2898 1362 2983 graveris...»

561 3025 597 3170 [8).
604 3024 787 3170 lilieronymua,
798 3024 901 3094 Epistola
911 3025 956 3090 IV,
965 3027 1003 3078 ad
1010 3023 1155 3078 Florentium
1163 3023 1280 3093 (Migne,
1296 3025 1365 3076 Patr.
1375 3021 1431 3088 lat,
1439 3022 1523 3084 mr.

490 3117 513 3153 c.
531 3119 579 3168 ³³2
597 3143 603 3156 ·
1417 3117 1425 3135 ·

527 3223 909 3304 ‹SurdlaMelanianostri
920 3224 1153 3308 temporisinter
1159 3221 1346 3287 Christianos
1353 3243 1425 3284 vera
1433 3221 1521 3284 nobi-

491 3312 558 3375 litas
581 3313 663 3394 (cum
688 3336 749 3396 qua
770 3315 824 3376 tibi
841 3313 998 3378 Dominus
1023 3312 1159 3397 mihique
1179 3313 1330 3374 concedat
1352 3311 1381 3373 in
1403 3311 1454 3373 die
1472 3310 1523 3374 sua

491 3400 602 3463 habere
614 3410 751 3483 partem),
762 3400 882 3464 calente
892 3401 993 3463 adhue
1003 3398 1184 3483 corpusculo
1197 3399 1371 3462 &necdum
1386 3401 1522 3478 humato,

491 3489 569 3553 duos
583 3487 669 3551 stmul
692 3489 825 3572 perdidit
843 3487 933 3552 filios.
957 3489 1037 3552 Rem
1058 3488 1122 3550 sum
1143 3488 1280 3554 dicturus
1301 3487 1522 3566 incredibilem,

491 3577 549 3656 sed,
569 3578 641 3640 teste
656 3577 790 3657 Christo,
803 3599 866 3640 non
882 3575 993 3640 salsam.
1018 3576 1101 3664 Quis
1122 3576 1207 3640 illam
1222 3593 1296 3640 tunc
1316 3598 1380 3640 nou
1402 3591 1522 3660 putaret

491 3687 575 3730 more
601 3665 799 3751 lymphatico,
824 3666 925 3750 sparsis
946 3666 1089 3744 crinibus,
1110 3665 1190 3730 veste
1210 3663 1363 3745 conscissa,
1387 3664 1520 3728 lacerum

491 3755 596 3837 peetus
618 3754 776 3818 invadere?
805 3755 964 3838 Lacrymae
983 3771 1070 3839 gutta
1089 3776 1152 3817 non
1174 3754 1280 3832 fluxit3
1304 3753 1385 3817 stetit
1409 3755 1521 3815 immo-

490 3842 569 3923 bilis,
583 3843 613 3906 δι
628 3843 664 3906 ad
681 3844 773 3926 pedes
787 3844 932 3906 advoluta
946 3841 1071 3920 Christi,
1091 3840 1172 3926 quast
1185 3863 1259 3904 eum
1272 3855 1401 3920 teneret,
1415 3837 1520 3904 arrisit.

490 3929 682 4014 Expeditius,
700 3933 810 4014 inquit,
829 3932 883 3994 tibi
904 3931 1049 3994 servitura
1067 3930 1142 4009 sum,
1167 3927 1316 4009 Domine,
1337 3931 1410 4014 quia
1433 3945 1519 3993 tanto

490 4041 539 4082 me
560 4043 654 4083 onere
676 4020 813 4084 liberasti.
840 4021 897 4084 Sed
914 4017 1034 4084 forsitan
1056 4019 1212 4103 superatur
1231 4020 1262 4082 in
1276 4019 1401 4083 caeteris.
1429 4017 1518 4106 Quin

489 4109 553 4170 imo
576 4130 637 4192 qua
651 4108 718 4172 illos
733 4125 836 4172 mente
850 4108 1076 4192 contempserit,
1091 4110 1121 4171 in
1137 4107 1230 4190 unico
1245 4107 1348 4192 postea
1367 4105 1431 4170 filio
1446 4128 1519 4189 pro-

490 4197 550 4275 bat,
572 4198 622 4259 cui
638 4199 723 4260 omni
744 4219 836 4281 quam
850 4198 982 4261 habebat
997 4193 1172 4279 posseilione
1188 4193 1337 4276 concessa,
1358 4195 1519 4280 ingruente

488 4287 549 4349 iam
576 4287 687 4365 hieme,
702 4286 897 4372 lerosolymam
911 4285 1074 4369 navigavit.
1092 4311 1104 4344 ›
