3354 5706
435 529 485 582 DE
510 530 616 583 Locis
641 529 808 583 SANCTIS.
1072 529 1134 610 175

93 745 138 818 de
156 773 233 844 quo
253 747 403 821 videlicet
425 751 560 822 corroso
585 751 694 848 spurio
721 754 756 823 &
773 778 812 823 ex
830 753 923 823 omni
939 775 1031 848 parte
1049 753 1138 823 secu-

93 851 185 925 ribus
205 855 411 948 circumciso,
429 856 624 929 hastularum
639 858 681 929 ad
696 857 835 930 diversas
852 857 939 930 orbis
953 860 1138 956 provincias

94 963 263 1057 particule
279 963 495 1060 asportantur,
514 963 559 1036 ob
577 964 721 1036 eiusdem
738 991 874 1061 quercus
891 968 1138 1038 venerationem

97 1072 132 1140 ἃ
149 1067 434 1160 recordationem,
452 1069 509 1143 sub
526 1097 603 1167 qua,
621 1095 656 1142 ut
678 1072 818 1168 superius
841 1097 1138 1144 commemoratum

97 1176 153 1268 est,
167 1178 382 1274 Angelorum
391 1179 564 1274 quondam
578 1183 756 1252 conventio
771 1180 814 1251 ad
826 1180 992 1252 Abraham
1004 1181 1139 1278 patriar·

98 1284 199 1353 cham
213 1285 343 1355 famosa
355 1284 609 1381 &predicabilis
623 1288 726 1358 fuerat
739 1287 939 1359 condonata.
959 1293 991 1358 ln
1005 1287 1139 1358 circuitu

97 1388 249 1460 eiusdem
274 1390 416 1484 ecclesie,
443 1417 508 1487 que
535 1391 657 1465 ibidem
676 1393 721 1466 ob
737 1395 805 1465 loci
820 1395 903 1466 illius
920 1393 1139 1465 honorificen-

99 1500 180 1568 tiam
204 1499 392 1570 construeta
426 1499 580 1592 habetur,
606 1528 713 1599 pauca
740 1502 883 1597 quedam
914 1501 1140 1599 religiosorum

100 1603 291 1676 habitacula
308 1602 465 1678 fabricata
482 1609 709 1680 monstrantur.

147 1713 213 1784 Sed
232 1713 276 1786 de
293 1715 341 1786 his
359 1715 416 1788 ista
435 1715 596 1788 sufficiant
613 1714 739 1808 dixisse3
759 1714 802 1787 ad
821 1717 883 1788 alia
903 1741 1088 1816 pergamum

126 1975 183 2055 lll.⁸
205 1991 261 2054 ‘De
280 1990 397 2078 pineto,
421 2013 456 2052 ex
479 2011 535 2076 quo
554 1984 638 2077 ligno
657 1988 687 2051 irr
705 1983 829 2052 camelis
846 1985 887 2051 ud
905 1988 989 2076 ignis
1006 1985 1112 2076 minis-

249 2099 328 2162 teriu
348 2097 379 2160 irr
397 2093 620 2185 Hierosolymis
631 2092 816 2183 perficiendo
834 2095 986 2158 vehuntur.

151 2281 395 2382 Egredientibus
418 2281 459 2354 de
478 2281 617 2354 Hebron
640 2283 673 2352 in
701 2283 810 2378 campi
834 2279 1006 2353 latitudine
1024 2278 1079 2352 stra
1098 2279 1141 2352 ad

108 2391 329 2485 aquilonalem
341 2390 488 2487 plagam,
502 2385 591 2458 haud
600 2388 718 2485 procul
734 2415 754 2459 a
767 2390 916 2485 margine
928 2389 980 2460 vie
998 2385 1041 2458 ad
1057 2384 1142 2457 sinis·

110 2519 199 2589 tram,
217 2499 360 2568 occurrit
377 2495 508 2593 pinosus
525 2520 596 2565 non
609 2492 742 2592 grandis
754 2519 863 2584 mons,
880 2493 980 2566 tribus
999 2492 1142 2564 millibus

110 2629 128 2673 a
146 2602 285 2676 Hebron
307 2604 436 2696 distans,
458 2601 499 2674 de
524 2604 614 2673 cuius
640 2605 779 2698 pinet0‘1
801 2604 899 2698 pinea
920 2601 963 2672 ad
985 2601 1141 2673 Hieroso·

109 2709 229 2800 lymam
243 2711 345 2807 usque
359 2713 393 2781 in
407 2710 537 2781 camelis
550 2711 711 2782 vehuntur
723 2709 813 2807 ligna
827 2708 869 2779 ad
887 2710 982 2779 focos
996 2709 1139 2779 nutrien-

111 2814 176 2888 dos.
191 2822 225 2888 ln
237 2817 382 2909 camelis,
396 2819 548 2913 inquam,
567 2819 693 2887 namin
708 2817 802 2885 omni
816 2813 922 2904 ludea,
939 2839 974 2885 ut
987 2814 1140 2884 Arculsus

110 2923 212 3017 refert,
229 2924 369 3022 plaustra
385 2924 438 2996 vel
454 2923 586 2994 ειιιιιιεό
603 2949 677 2994 raro
695 2923 828 3018 reperiri
844 2918 987 3017 possunt.

479 3191 543 3264 Xll.
570 3197 621 3260 De
638 3195 764 3261 Iericho.

158 3388 279 3458 lericho
308 3384 405 3478 urbis,
432 3411 535 3481 quam
563 3386 616 3455 los
612 3412 663 3476 ue,
599 3382 824 3455 slordane
849 3379 1043 3472 transmisso,
1068 3378 1141 3451 sub·

115 3495 200 3563 vertit
201 3520 307 3592 ,rege
323 3493 405 3564 illius
422 3493 604 3581 interfeon
622 3442 748 3562 sabelus
762 3491 867 3561 noster
880 3489 1030 3559 Arculsiis
1049 3487 1143 3557 cons-

117 3601 196 3692 pexit
209 3601 324 3671 locum
326 3625 416 3696 ,pro
435 3625 500 3694 qua
519 3599 614 3668 Hiel
630 3597 671 3668 de
685 3597 804 3688 Bethel,
822 3623 860 3668 ex
880 3594 963 3702 tribu
980 3595 1141 3692 Ephraim,

117 3704 205 3776 aliam
226 3657 385 3796 exstruitit,
413 3730 513 3800 quam
532 3705 638 3775 noster
656 3704 802 3776 Salvator
819 3705 875 3774 sua
891 3729 948 3799 pre
950 3703 1049 3773 sentia
1070 3697 1141 3773 vifi-

117 3833 178 3883 tare
194 3811 346 3912 dignatus
360 3763 413 3883 e’st.
433 3811 511 3909 Qe
529 3810 650 3882 eodem
668 3835 829 3907 tempore,
849 3835 933 3928 quo·
936 3807 1140 3879 Hierusalem

118 3942 339 4018 oppugnantes
367 3914 559 3990 obsidebant
574 3917 727 4007 Romani,
754 3941 889 4013 propter
906 3916 1026 3988 civium
1043 3911 1141 4012 perfi-

120 4021 201 4096 diam
217 4051 313 4122 capta
338 4027 373 4095 δι
390 4024 548 4095 destruela
565 4023 618 4094 est.
648 4024 706 4093 Pro
724 4048 790 4118 qua
813 4023 906 4093 tertia
927 4019 1063 4092 condita
1086 4018 1142 4110 est,

121 4154 179 4223 que
188 4133 261 4229 post
275 4129 377 4202 multa
390 4153 579 4228 temporum
596 4128 766 4200 intervalla
782 4132 816 4199 δι
832 4128 935 4224 ipsas
918 4126 1065 4200 subversa
1082 4125 1140 4197 est.

149 4323 170 4356 a.
185 4309 210 4361 l.
221 4309 296 4362 addit
304 4317 396 4360 monte.
408 4335 440 4346 -
451 4307 474 4358 b.
486 4305 651 4378 sapham-alis
665 4305 740 4359 etiam
749 4321 841 4358 currus.
853 4333 885 4345 -
895 4322 916 4357 c.
926 4306 965 4357 Sic
974 4320 1025 4375 ego,
1034 4303 1070 4356 al.
1078 4307 1140 4356 Ora.
