3448 5718
296 524 325 576 A
343 523 571 577 BORDIGALA
591 525 837 579 HIERUSALEM
855 529 981 588 USQUE.
1120 533 1161 612 19

177 741 460 815 Descendenribus
484 743 526 816 de
543 769 657 816 monte
678 747 712 816 in
728 770 822 842 parte
839 745 961 836 dextra,
980 772 1065 818 retro
1089 773 1161 819 mo-

128 874 336 940 numentum,
355 851 399 930 est
416 857 504 923 orbor
505 856 671 946 sycomori,
689 853 838 948 inquam
856 861 994 926 Zoclreus
1006 855 1160 950 ascendit,
1174 890 1308 951 sycomoffi,
1322 889 1368 934 za.

129 984 163 1030 ut
179 957 348 1030 Christum
365 955 496 1030 viderer.
525 963 557 1029 Α
574 961 704 1032 civitate
720 959 829 1058 passus
848 963 935 1034 mille
959 964 1160 1060 quingentos
1244 951 1301 998 ‘hd'

129 1065 173 1136 est
192 1070 275 1156 fons
290 1067 409 1158 Helr'set'
435 1065 606 1162 prophete.
636 1069 743 1138 Antea
768 1066 788 1138 fi
812 1093 877 1163 qua
899 1071 1014 1142 mulier
1034 1095 1072 1140 ex
1089 1069 1159 1166 ipso
1190 1094 1355 1146 sommum.

128 1195 252 1265 aquam
277 1169 419 1264 bibebat,
448 1199 517 1246 non
542 1172 683 1245 faciebat
710 1199 815 1245 natos.
843 1173 897 1245 Ad
924 1178 1006 1248 latus
1033 1176 1078 1246 est
1103 1201 1159 1246 vas

128 1276 235 1347 fissile.
255 1277 401 1350 Heliseus
418 1277 553 1350 mihtin
573 1279 609 1350 id
629 1281 739 1372 salem,
756 1285 791 1352 δι
809 1285 898 1356 venit
915 1287 950 1355 δι
966 1284 1050 1355 stetit
1066 1282 1161 1376 super

130 1384 271 1475 fontem,
293 1387 328 1455 δι
352 1384 453 1456 dixit:
476 1392 543 1458 Hec
560 1391 636 1456 dicit
654 1395 824 1460 Dominus:
846 1395 960 1462 Sanovt‘
978 1417 1069 1483 aquas
1086 1396 1140 1458 lios
1149 1418 1160 1469 ,·

129 1521 163 1561 ex
180 1519 214 1560 eo
228 1495 323 1583 fonte
334 1501 362 1587 fi
379 1522 436 1585 qua
455 1496 563 1565 mulier
580 1497 696 1585 biberit,
714 1500 807 1587 filios
821 1503 933 1590 faciet.
965 1500 1067 1594 Supra
1084 1521 1160 1566 eun·

130 1597 205 1670 dem
224 1623 304 1670 vero
324 1597 454 1670 fontem
470 1600 515 1670 est
532 1605 638 1672 domus
653 1607 776 1698 chrab
797 1604 982 1694 fornicarie,
1000 1601 1042 1674 ad
1061 1628 1162 1698 quam
1181 1631 1369 1680 oomurkahab.

130 1706 352 1802 exploratores
369 1707 573 1800 introierunt,
590 1711 624 1778 ἃ
643 1712 821 1783 occultavit
838 1739 906 1803 eos,
930 1709 1066 1809 quando
1082 1713 1161 1779 Hie·
1190 1738 1284 1786 renuo.

129 1818 212 1883 riclro
235 1810 347 1883 eversa
369 1812 424 1904 est,
450 1816 484 1883 ἃ
506 1813 574 1884 sola
591 1812 696 1886 evasit.
730 1815 774 1887 lbi
800 1819 860 1888 fuit
888 1821 999 1891 civitas
1027 1814 1161 1903 lericho,

131 1921 218 1988 cuius
235 1943 351 1988 muros
367 1946 564 2016 gyraverunt
581 1948 658 1993 cum
677 1949 752 1994 arca
769 1926 968 1998 Testamenti
985 1925 1040 2012 filij
1060 1921 1160 2011 lsrael,

130 2029 162 2095 δι
179 2024 371 2100 ceciderunt
388 2031 480 2101 muri.
505 2029 547 2100 Ex
567 2055 607 2100 eo
626 2055 695 2102 non
714 2057 807 2128 paret
823 2031 880 2104 nist
898 2033 1002 2123 locus,
1029 2027 1085 2101 uhi
1101 2028 1163 2098 fuit

131 2158 203 2204 arca
214 2134 428 2226 Testamenti,
441 2139 475 2206 ἃ
488 2135 613 2234 lapides
632 2134 823 2230 duodecim,
838 2165 920 2234 quos
938 2138 993 2228 filij
1014 2134 1102 2207 lsrael
1120 2130 1161 2204 de

132 2237 266 2311 lordane
293 2241 489 2314 levaverunt.
516 2241 641 2314 lbidem
665 2243 755 2334 lesus,
782 2245 865 2316 filius
891 2249 993 2334 Nave,
1020 2243 1157 2312 circum·
1191 2271 1274 2332 Gilgal.

132 2347 207 2420 cidit
222 2347 311 2418 lilios
328 2348 430 2440 lsrael,
448 2352 482 2419 ἃ
500 2346 761 2420 circumcisiones
776 2377 890 2422 eorum
910 2350 1062 2448 sepelivit.

179 2461 257 2526 ltem
276 2453 319 2526 ab
338 2455 460 2525 lericho
477 2453 520 2526 ad
538 2483 619 2526 mare
641 2459 809 2528 Mortuum
865 2517 871 2528 .
927 2515 933 2528 .
1004 2455 1104 2526 millia
1121 2475 1161 2526 lx
1174 2481 1369 2530 maeniorum.

177 2563 224 2632 [st
240 2586 330 2656 aqua
346 2559 441 2658 ipsius
458 2560 553 2634 valde
570 2561 772 2655 amarissima,
796 2563 852 2635 ubi
868 2565 902 2634 in
920 2589 1028 2635 totum
1044 2563 1161 2633 nullius

132 2672 256 2769 generis
275 2671 370 2766 pilcis
388 2671 442 2762 est,
463 2695 522 2742 nec
540 2670 649 2765 aliqua
666 2673 769 2760 navis,
794 2674 828 2741 ἃ
850 2669 872 2741 sr
890 2673 961 2766 quis
985 2671 1161 2742 hominum

132 2779 247 2849 miserit
265 2779 309 2868 se,
330 2801 481 2866 ornaret,
500 2777 569 2875 ipsa
586 2802 671 2873 aqua
693 2804 770 2848 eum
787 2779 899 2850 versat.
926 2775 1002 2848 lnde
1027 2776 1070 2848 ad
1086 2775 1160 2848 lor·
1189 2803 1295 2852 rorum..

132 2891 245 2976 duem,
263 2884 323 2957 ubi
339 2888 504 2956 Dominus
525 2913 545 2956 a
571 2885 715 2956 lohanne
733 2883 915 2982 baptizatus
932 2883 987 2974 est,
1008 2885 1110 2955 millia
1126 2905 1159 2955 V.

177 2991 222 3067 lbi
240 2993 288 3065 est
298 2993 391 3064 locus
408 2996 503 3090 super
518 2990 651 3083 flumen,
668 2992 868 3063 monticulus
885 2993 919 3062 in
932 2991 986 3062 illa
1004 2993 1086 3088 ripa,
1104 2989 1159 3062 ubi

133 3127 239 3202 raptus
254 3101 301 3175 est
318 3102 430 3173 Helias
447 3103 482 3172 in
500 3100 616 3172 celum.

178 3212 258 3278 ltem
276 3208 318 3282 ab
336 3210 538 3282 Hierusalem
555 3207 705 3280 euntibus
722 3205 912 3278 Bethlehem
1004 3207 1105 3278 millia
1121 3227 1159 3278 v1

178 3317 282 3412 Super
306 3317 417 3407 strata,
446 3319 480 3389 in
505 3341 595 3413 parte
621 3314 748 3406 dextra,
777 3314 821 3384 est
851 3341 1077 3406 monumentum,
1105 3312 1160 3386 ubi
1188 3345 1367 3396 Monumentum

135 3427 249 3518 lhrcllel
265 3423 372 3522 posta
392 3427 447 3516 est,
473 3451 553 3496 uxor
572 3420 678 3495 lacob.
707 3421 784 3494 lnde
802 3421 903 3492 millia
923 3418 1002 3511 du0,
1027 3447 1046 3491 a
1067 3447 1160 3518 parte
1235 3407 1331 3458 ΜΨ·

134 3528 259 3624 sinistra,
274 3532 321 3604 est
333 3537 516 3621 llerlrlelrem,
531 3531 586 3604 ubi
600 3557 693 3603 natus
709 3532 753 3602 est
771 3533 935 3602 Dominus
954 3530 1034 3600 lesus
1051 3527 1160 3600 Chris·
1189 3557 1331 3607 nerninem,

134 3661 188 3708 tus.
219 3637 264 3710 lbi
290 3638 419 3712 basilica
443 3637 527 3711 hela
549 3639 594 3709 est
618 3635 700 3709 iussu
728 3638 946 3710 Constantini.
983 3634 1060 3708 lnde
1089 3660 1157 3706 non

133 3744 291 3843 longeest
307 3774 521 3818 monumentum
539 3745 693 3836 Ezechiel,
707 3743 831 3842 Asaph,
847 3744 914 3837 lob,
934 3742 1020 3834 leffe,
1038 3741 1158 3834 David,
1186 3778 1337 3827 rmum„

134 3853 300 3944 Salomon,
315 3857 349 3924 ἃ
366 3852 463 3925 habet
479 3855 513 3925 in
530 3853 596 3950 ipsa
614 3875 740 3950 crypta,
759 3850 801 3922 ad
819 3851 902 3922 latus
919 3851 1072 3924 deorsum
1089 3850 1158 3922 del'·
1218 3857 1303 3902 regum.

134 3958 354 4050 tendentibus,
372 3958 497 4032 hebreis
512 3961 623 4032 litteris
642 3959 779 4030 nomina
795 3959 1018 4056 suprascripta.

180 4066 256 4138 lnde
273 4073 442 4163 lierlrrrsoro
520 4128 525 4141 .
634 4127 640 4138 .
746 4125 752 4138 .
860 4125 866 4138 .
946 4065 1047 4136 millia
1073 4082 1158 4135 xl111
1189 4089 1310 4136 seruatori

180 4173 223 4244 lbi
242 4176 287 4246 est
297 4181 387 4269 fons,
405 4177 439 4246 in
456 4200 524 4271 quo
545 4179 708 4270 Philippus
726 4173 912 4246 eunuchum
931 4172 1118 4271 baptizavit.
1188 4150 1368 4214 (f⁰¹¹⁸¹'h³¹³¹’¹’³)’

180 4280 256 4353 lnde
275 4281 319 4353 ad
334 4281 569 4354 Terebinthum
635 4340 640 4353 .
747 4339 753 4352 .
861 4339 868 4351 .
969 4280 1069 4351 millia
1092 4298 1159 4348 vlll

1190 4347 1274 4394 Puteus
1295 4347 1369 4397 Abra-

181 4387 224 4460 lbi
244 4395 403 4462 olbrulam
429 4388 595 4480 habitavit,
624 4391 658 4458 ἃ
685 4416 808 4484 pureum
840 4386 924 4459 fodit
953 4385 1010 4458 sub
1044 4383 1160 4456 arbore
1221 4408 1281 4457 uam.
