3390 5720
450 525 836 598 oereuhhsaucms.
1114 543 1162 612 77

119 787 249 861 gerent
264 763 398 835 Phiiistei
419 761 570 836 adversus
595 787 663 853 eos,
691 761 747 834 sed
778 759 994 834 circumduxit
1021 786 1079 832 eos
1107 785 1166 856 per

122 869 308 961 desertum,
325 869 417 967 quod
431 871 475 943 est
487 871 577 941 iuxta
592 897 674 942 mare
688 873 833 966 sutirum,
848 893 993 965 cumpro
1006 865 1165 939 mandato
1189 885 1253 932 mn
1262 883 1373 931 ruham.

122 978 274 1048 Domini
290 975 441 1069 iubentis,
458 1001 494 1048 ut
510 976 654 1074 populus
669 975 841 1049 duceretur
857 975 900 1048 ad
915 999 1066 1047 montem
1079 966 1167 1046 Sinai

123 1082 169 1156 ad
186 1082 438 1156 immolandum
457 1086 498 1176 ei,
522 1109 593 1155 tum
612 1085 688 1180 quia
702 1081 724 1154 fi
738 1084 864 1181 Egyptij
882 1079 1028 1156 conversi
1047 1080 1167 1154 veilent

124 1216 185 1261 eos
199 1191 369 1287 prosequi,
387 1192 539 1263 timerent
555 1214 691 1287 propter
707 1190 911 1288 asperitatem
927 1189 989 1262 vie.

176 1297 247 1387 filij
260 1299 360 1395 igitur
376 1297 468 1369 israel
487 1297 627 1395 profesti
645 1297 718 1368 sunt
750 1323 770 1368 a
789 1299 929 1394 Qmeffe
944 1297 978 1368 in
995 1301 1019 1366 S
1020 1302 1117 1383 ocior,
1131 1298 1166 1366 ἃ
1195 1321 1309 1370 Rameffe.

127 1402 169 1476 de
184 1403 316 1476 Sochot
331 1428 491 1476 uenerunt
507 1407 540 1474 in
558 1409 678 1490 Etiam,
698 1429 762 1499 que
780 1403 891 1475 civitas
910 1427 978 1476 erat
991 1401 1116 1475 deserta
1130 1404 1164 1472 in
1194 1383 1289 1494 ἓξὲξ

127 1513 242 1607 capite
250 1509 443 1604 solitudinis,
452 1510 694 1608 queasosepho
703 1511 793 1581 lucus
803 1508 935 1582 dicitur:
953 1508 1052 1583 ubi&
1064 1507 1165 1602 Baby·

131 1618 254 1690 lonem
270 1618 345 1715 post
362 1617 534 1690 conditam
555 1617 677 1690 dicunt.
698 1619 789 1688 Dum
807 1614 986 1710 Cambyses
1005 1617 1167 1716 iigypnrm

128 1725 283 1818 vastaret,
298 1751 363 1822 que
375 1750 464 1798 nunc
477 1725 627 1798 minorest
639 1727 810 1819 siastysom'a
822 1727 857 1795 in
869 1717 1008 1823 Egypto‚
1021 1727 1168 1822 precepit
1196 1751 1327 1814 hoyum.

129 1834 313 1923 Dominus,
327 1857 372 1924 ut,
386 1831 499 1906 reverfi
511 1833 750 1928 aliquantulum
761 1833 868 1904 versus
880 1832 1054 1930 Egyptum‚
1065 1833 1167 1904 castra

130 1931 338 2012 meterentur
363 1941 397 2010 in
423 1941 559 2038 regione
584 1945 816 2028 Psisoiirorh,·
827 1965 891 2035 que
908 1940 953 2010 est
968 1940 1052 2010 inter
1072 1939 1165 2038 Mag·
1196 1961 1354 2010 phihahiroth.

129 2044 247 2118 dalum
258 2049 294 2118 ἃ
310 2072 401 2118 mare
420 2071 536 2118 contra
549 2045 758 2141 beelsephon.
785 2046 955 2138 istautem
968 2047 1164 2142 magdalum
1194 2070 1336 2132 maganum.

129 2153 244 2225 civitas
279 2155 314 2224 in
348 2151 497 2226 confinio
527 2151 653 2250 Egypti,
687 2151 730 2223 ad
769 2178 870 2250 quam
901 2151 990 2224 sudei
1016 2179 1165 2249 tempore

132 2261 279 2352 seremie,
295 2259 469 2332 interfecto
487 2257 648 2350 Godolia,
667 2261 774 2355 primo
794 2259 1024 2359 confugerunt.

178 2367 232 2438 Sic
263 2391 345 2465 ergo
376 2367 555 2464 posuerunt
578 2367 679 2438 castra
702 2367 798 2463 supra
821 2395 903 2440 mare
921 2371 1055 2464 &ibrum
1068 2403 1079 2439 .·
1095 2391 1166 2440 non
1189 2389 1254 2438 him
1262 2389 1375 2438 Rubrum.

132 2475 208 2569 quia
221 2499 313 2570 aqua
328 2469 365 2544 stt
381 2471 489 2565 rubra,
507 2472 563 2545 sed
579 2475 687 2544 omnis
705 2498 788 2544 terra
805 2475 1025 2566 circumstans,
1041 2501 1080 2546 ex
1102 2500 1168 2570 qua

101 2597 107 2612 ·
131 2605 251 2678 gurges
278 2579 452 2669 insicimr,⁶
474 2579 562 2652 unde
586 2581 726 2652 minium
742 2579 959 2652 acutissimum
975 2583 1166 2678 excerpitur.

134 2685 311 2783 Qidquid
329 2685 489 2760 etiamad
506 2686 596 2758 esum
616 2687 651 2758 in
667 2685 817 2760 fluetibus
831 2689 886 2778 est,
896 2689 997 2786 ,hunc
1019 2689 1167 2760 colorem

135 2794 318 2889 participat.
358 2793 423 2866 sisic
446 2819 581 2893 gemme
606 2791 702 2867 rubre
726 2794 954 2885 inveniuntur·
971 2821 1036 2892 que
1063 2796 1167 2868 humo

135 2901 283 2972 involute
300 2903 334 2972 δι
352 2903 435 2972 inter
452 2927 565 2972 arenas
592 2925 746 2974 concrete
773 2925 854 2973 terre
875 2903 1024 2975 colorem
1044 2900 1167 2976 babent

135 3010 292 3080 &maris
318 3009 396 3079 Hoc
424 3033 515 3080 mare
543 3009 577 3078 in
604 3005 685 3080 duas
700 3035 807 3105 partes
826 3008 1021 3082 secernitur:
1040 3035 1105 3106 que
1125 3008 1167 3082 ab

135 3116 258 3187 oriente
274 3124 361 3212 finus
388 3121 523 3212 Perficus
545 3115 739 3212 appellatur,
767 3117 845 3212 quia
865 3117 952 3188 Perse
979 3118 1046 3189 eius
1073 3144 1168 3190 oram
1198 3148 1264 3196 sinu·
1278 3147 1376 3196 reatu.

135 3219 330 3313 iambicam,
347 3221 446 3294 altera
454 3231 541 3318 finus
557 3228 723 3312 circhinis,
738 3225 815 3318 quia
831 3223 984 3320 perspicit
999 3223 1166 3298 Arabiam.
1207 3216 1228 3259 ⁸⁶
1244 3211 1360 3258 Α’*δῑω*

185 3330 269 3402 Sane
285 3331 330 3400 ita
346 3331 504 3402 coarctati
520 3353 612 3402 erant
629 3328 685 3420 filij
702 3329 804 3421 israel,
828 3332 906 3426 quia
930 3356 969 3403 ex
993 3357 1058 3404 una
1078 3357 1168 3428 parte

138 3459 227 3508 erant
246 3461 380 3508 montes
401 3436 568 3533 asperrimi
589 3439 624 3509 dc
643 3435 858 3530 immeabiles,
886 3439 1045 3510 exaltem
1066 3466 1167 3512 mare.

139 3544 225 3614 Cum
240 3567 323 3642 ergo
337 3540 528 3614 extendisset
540 3544 668 3636 Moyses
681 3570 829 3636 manum,
841 3543 933 3618 flavit
946 3569 1061 3618 ventus
1073 3546 1169 3619 vehe-

139 3652 275 3721 mens&
293 3649 455 3721 convertit
472 3675 595 3745 aquam
609 3651 643 3721 in
660 3649 780 3722 ficcum
798 3649 1003 3749 divisumque
1019 3653 1064 3724 est
1079 3679 1169 3726 mare

139 3755 171 3826 in
188 3754 366 3828 duodecim
379 3753 562 3849 divisiones,
577 3774 631 3827 ut‘
648 3783 845 3854 unaqueque
862 3757 963 3832 tribus
977 3785 1035 3858 per
1047 3783 1169 3834 turmas

142 3861 206 3934 suas
222 3861 396 3936 incederet.
426 3863 491 3954 filij
512 3865 611 3962 igitur
629 3864 721 3939 israel
738 3863 920 3938 secundum
938 3867 1109 3963 losephum
1126 3867 1169 3940 ad

142 3967 392 4067 contrapositam
417 3995 536 4044 terram
566 3995 735 4044 venerunt.
776 3970 900 4045 Hebrei
922 4000 1000 4046 vero
1027 3973 1169 4067 tradunt,

143 4075 238 4171 quod,
258 4103 336 4148 cum
353 4076 514 4151 venissent
528 4077 572 4150 ad
586 4103 767 4150 extremum
784 4081 908 4151 montis
925 4079 968 4152 ad
985 4107 1075 4153 mare
1092 4107 1168 4177 por·

142 4185 225 4274 redi,
241 4210 302 4282 per
317 4186 456 4283 longam
472 4188 570 4257 maris
594 4186 683 4260 viam
700 4184 953 4282 obliquaverunt
968 4191 1013 4280 ἃ,
1031 4189 1168 4259 circum-

174 4367 198 4402 ι.
219 4352 282 4406 lov.
300 4351 433 4419 phiaroth,
460 4353 488 4406 h.
511 4353 620 4406 Pharan.
643 4377 646 4384 ·
684 4371 705 4408 c.
725 4353 763 4408 Sic
778 4369 837 4424 eg03
860 4353 904 4408 ms.
923 4355 956 4408 dc.

145 4457 173 4468 ·-
192 4432 215 4484 b.
243 4433 307 4486 Lov.
331 4449 428 4504 ganges
451 4432 568 4488 visitatur.
588 4461 621 4474 -
