3354 5706
538 541 607 594 200
952 537 1147 594 ARCULFUS

537 759 756 857 tinopolitana
773 756 852 830 urbe
865 757 908 831 ab
925 761 1063 858 expertis
1082 757 1278 856 quibusdam
1296 757 1430 831 testibus
1446 757 1569 852 diditur,

534 864 755 946 indubitanter
768 868 939 956 enarravit,
953 868 1118 963 inquiens:
1138 872 1170 938 ln
1184 866 1300 938 eadem
1316 866 1569 962 metropolitana

536 974 665 1045 civitate
678 975 792 1072 imago
805 972 899 1046 beate
911 974 1012 1046 Marie
1026 977 1059 1046 in
1072 971 1161 1046 brevi
1175 971 1287 1046 tabula
1298 973 1441 1072 figurata
1451 973 1569 1072 lignea,

535 1082 568 1153 in
589 1083 712 1178 patiere
736 1079 904 1152 cuiusdam
927 1079 1046 1151 domus
1071 1081 1219 1178 suspensa
1241 1077 1421 1178 pendebat,
1443 1077 1489 1150 de
1510 1105 1572 1174 qua

535 1215 612 1259 cum
634 1185 770 1283 quidam
791 1187 924 1259 stolidus
945 1186 1145 1260 &duricors
1168 1188 1273 1259 homo
1294 1191 1574 1284 pertundiatetur,

535 1295 623 1364 cuius
638 1292 716 1366 esset
732 1297 859 1393 imago,
881 1321 901 1366 a
924 1291 1073 1391 quodam
1093 1292 1311 1392 respondente
1333 1292 1463 1383 didicit,
1483 1291 1574 1389 quod

535 1398 611 1472 esset
627 1401 736 1473 sande
749 1402 850 1474 Marie
869 1403 996 1499 semper
1006 1403 1140 1499 virginis
1157 1401 1260 1501 figura
1271 1401 1376 1473 faciei.
1394 1400 1508 1499 Qud
1519 1429 1576 1472 au·

535 1505 626 1580 diens
647 1507 700 1580 ille
718 1507 831 1579 sudeus
851 1506 1046 1599 incredulus,
1064 1506 1198 1580 diabolo
1222 1509 1405 1607 instigante,
1432 1507 1576 1580 eandem

536 1613 578 1686 de
595 1615 717 1711 pariete
745 1614 841 1688 valde
867 1618 965 1687 iratus
987 1615 1059 1686 tulit
1084 1617 1275 1712 imaginem,
1300 1615 1400 1686 &ad
1429 1617 1575 1688 vicinam
1649 1663 1650 1690 r

535 1721 674 1792 cucurrit
698 1717 846 1810 domum,
873 1718 928 1792 ubi
958 1721 1104 1792 humana
1132 1722 1280 1812 stercora,
1305 1746 1364 1817 per
1392 1722 1574 1822 longarum

536 1828 699 1900 foramina
733 1824 927 1920 tabularum,
961 1829 1068 1926 egesta
1102 1828 1197 1925 supra
1233 1828 1418 1901 sedentium
1454 1832 1575 1902 ventri·

533 1932 605 2028 bus,
630 1936 719 2035 egeri
743 1934 862 2006 solent:
886 1932 1085 2031 ibidemque,
1109 1934 1154 2008 ob
1176 1935 1295 2006 Christi
1316 1961 1354 2006 ex
1376 1937 1481 2007 Maria
1509 1939 1573 2008 nati

534 2041 853 2134 dehonorationem,
883 2044 1064 2141 imaginem
1092 2045 1203 2114 matris
1234 2045 1301 2114 eius
1329 2069 1390 2140 per
1419 2043 1573 2115 foramen

534 2149 628 2246 super
656 2149 837 2222 humanum
857 2151 975 2222 stercus
996 2150 1127 2220 inferius
1148 2151 1256 2223 iacens
1277 2152 1427 2248 proiecit,
1449 2153 1487 2220 ἃ
1508 2151 1573 2246 ipse
1650 2190 1651 2238 t

533 2255 753 2353 supersedens,
775 2283 834 2354 per
856 2254 946 2328 idem
968 2257 1117 2328 foramen
1139 2257 1249 2328 alvum
1265 2283 1422 2356 purgans,
1444 2257 1569 2354 proprii
1650 2244 1651 2316 l

537 2363 654 2435 stercus
673 2363 792 2434 ventris
809 2363 903 2459 super
920 2361 1126 2435 thoracidam
1142 2361 1237 2436 beate
1254 2363 1355 2436 Matie
1372 2364 1477 2461 paulo
1494 2389 1567 2436 ante

536 2468 616 2540 inibi
645 2467 828 2566 depositam
864 2469 1040 2562 dimittens,
1067 2469 1263 2542 stolidissime
1286 2497 1387 2568 agens
1415 2469 1567 2568 perfirdit,

450 2599 454 2614 ·
533 2577 659 2673 &post
681 2575 894 2672 turpiffimam
917 2577 1006 2648 illam
1029 2579 1148 2649 ventris
1165 2579 1401 2674 purgationem
1417 2577 1471 2649 ille
1488 2577 1565 2648 infe

532 2682 695 2754 licissimus
717 2682 853 2755 disceffit
877 2683 990 2755 homo.
1015 2682 1108 2782 Quid
1130 2710 1209 2757 vero
1228 2685 1340 2780 postea
1355 2681 1498 2782 gesserit,
1516 2707 1566 2754 aut

533 2789 707 2886 quomodo
733 2791 856 2882 vixerit,
882 2790 935 2863 vel
961 2793 1093 2887 qualem
1117 2793 1182 2864 vite
1209 2794 1385 2863 terminum
1410 2789 1563 2878 habuerit,

531 2898 775 2993 incompertum
796 2894 942 2969 habetur.
969 2899 1075 2996 Igitur,
1099 2898 1172 2993 post
1188 2897 1269 2969 illius
1286 2893 1460 2969 discessum
1477 2897 1563 2967 mali·
1651 2955 1652 2982 3

532 3003 601 3099 gni,
631 3002 710 3074 alius
740 3001 783 3073 de
811 3001 1074 3075 Christianorum
1103 3002 1199 3101 plebe
1234 3005 1462 3101 superveniens
1492 3003 1561 3074 felix
1651 3009 1652 3018 ³

533 3108 649 3199 homo,
674 3108 844 3205 zelotypus
867 3107 1109 3182 dominicarum
1134 3136 1252 3202 rerum,
1283 3109 1446 3181 &sciens
1475 3105 1560 3204 quod

534 3219 657 3292 fassum
675 3221 788 3311 fuerat,
803 3221 987 3318 imaginem
999 3221 1108 3291 sansle
1125 3221 1225 3292 Marie
1238 3217 1409 3316 requisivit,
1426 3223 1473 3312 dt,
1486 3221 1562 3290 inter

534 3326 679 3398 humana
704 3327 844 3398 stercora
869 3325 1096 3398 absconditam
1118 3329 1298 3418 inveniens,
1320 3325 1508 3415 sublevavit,
1532 3327 1561 3394 dt

534 3433 707 3532 diligenter
727 3433 840 3505 lavans
862 3436 954 3530 aquis
980 3432 1172 3507 emundavit
1193 3433 1421 3524 mundissimis,
1445 3433 1560 3504 secum·

534 3566 599 3637 que
615 3540 649 3611 in
668 3537 773 3610 domo
790 3539 972 3612 honorifice
986 3540 1184 3612 collocatam
1196 3538 1318 3612 habuit.
1336 3539 1456 3610 Mirum
1469 3537 1560 3630 didu,

533 3674 574 3720 ex
599 3644 716 3718 eadem
737 3642 831 3716 beate
848 3647 949 3718 Marie
970 3649 1124 3746 imaginis
1145 3645 1256 3720 tabula
1276 3673 1389 3720 verum
1411 3645 1558 3718 ebulliens

533 3753 671 3826 destillat
691 3752 817 3849 semper
843 3753 963 3844 oleum,
989 3755 1080 3850 quod
1100 3755 1262 3845 Arculfus,
1287 3777 1323 3824 ut
1338 3751 1456 3824 referre
1476 3753 1559 3842 solet,

533 3861 674 3958 propriis
696 3858 865 3954 conspexit
886 3862 998 3932 oculis.
1019 3863 1097 3932 Hoc
1110 3860 1256 3935 mirabile
1278 3859 1389 3932 oleum
1406 3857 1558 3930 honorem

532 3967 724 4065 protestatur
748 3964 849 4036 Marie
871 3969 981 4038 matris
1000 3968 1077 4060 lesu,
1100 3967 1141 4039 de
1164 3995 1231 4064 quo
1253 3991 1346 4065 pater
1367 3965 1425 4036 ait:
1449 3971 1482 4036 stt
1499 3969 1557 4036 oleo

526 4077 637 4170 surdo
653 4099 717 4142 meo
731 4073 821 4141 linivi
833 4099 908 4141 eum.
925 4077 1006 4143 stem
1018 4073 1277 4173 Psalmigraphus
1290 4071 1333 4144 ad
1345 4070 1453 4168 ipsum
1465 4069 1558 4142 filium

534 4181 598 4252 Dei
622 4177 782 4274 loquitur,
804 4176 929 4250 dicens:
959 4185 1050 4251 Umit
1075 4208 1104 4252 te
1124 4188 1276 4254 Dominus
1301 4186 1388 4250 Deus
1412 4181 1556 4250 musuleo

532 4286 631 4356 letitie
640 4311 699 4382 pre
709 4290 913 4382 participibus
929 4293 1001 4357 ruis.
