3354 5706
508 533 559 586 on
585 533 688 587 tocrs
713 533 879 586 snucrrs.
1108 537 1167 612 15¹

134 778 323 825 memorate
357 779 422 849 que
448 756 484 825 ὅ(
505 751 683 844 anastafis,⁶
704 754 770 824 hoc
791 753 836 824 est
857 753 1056 844 resurrellim
1077 779 1176 826 voca·

134 887 199 953 tur,
231 888 273 932 eo
301 859 394 956 quod
415 863 448 931 in
470 861 548 932 loco
571 859 739 932 dominice
761 860 998 932 resurreelionis
1020 858 1178 932 fabricata

134 970 198 1062 est,
229 970 274 1042 ad
299 971 448 1043 dextram
472 969 606 1042 coheret
630 995 757 1067 partem
780 970 898 1040 Sancte
924 967 1041 1060 Mario,
1069 972 1179 1040 matris

134 1079 293 1168 Domini,
313 1077 576 1176 quadrangulata
593 1075 736 1149 ecclesia.

172 1291 230 1362 Vl.
250 1296 301 1361 ‘De
319 1293 378 1361 illo
395 1294 528 1389 aelafio,
547 1320 603 1384 que
622 1299 652 1362 in
672 1295 813 1363 calvarie
830 1295 897 1363 loco
915 1296 1077 1384 conflrut‘lu
1095 1299 1145 1383 est.

187 1441 264 1512 Alia
281 1467 359 1514 vero
378 1439 571 1540 pergrandis
589 1438 731 1534 ecclesia,
750 1443 913 1514 orientem
930 1443 1047 1534 versus,
1064 1444 1098 1512 in
1115 1442 1174 1512 illo

133 1545 296 1622 fabricata
325 1551 369 1623 est
398 1551 487 1643 loc0‚
523 1552 577 1646 qui
612 1547 764 1621 hebraice
795 1553 952 1644 Golgorlru
983 1547 1110 1640 dicitur,
1141 1551 1174 1620 in

133 1658 230 1728 cuius
252 1657 468 1756 superioribus
490 1655 624 1758 grandis
647 1655 791 1752 quedam
813 1683 886 1728 erea
911 1681 988 1727 cum
1013 1655 1174 1753 lampadi·

133 1761 199 1836 bus
228 1791 301 1837 rota
325 1769 359 1838 in
391 1763 521 1838 funibus
552 1763 690 1861 pendet,
719 1763 804 1835 infra
826 1789 926 1860 quarn
950 1790 1073 1862 magna
1097 1790 1175 1836 crux

135 1897 296 1972 argentea
308 1872 406 1944 infixa
422 1872 538 1944 statuta
564 1871 607 1942 est
625 1870 746 1943 eodem
763 1872 797 1943 in
818 1871 907 1962 loco,
931 1867 986 1941 ubi
1004 1870 1176 1967 quondam

134 1981 250 2078 lignea
272 2006 360 2073 crux,
382 1983 415 2053 in
437 2006 503 2076 qua
526 1976 634 2077 pallus
656 1981 700 2050 est
721 1979 857 2051 humani
873 1979 1001 2077 generis
1020 1977 1173 2070 salvator,

135 2086 239 2158 infixa
256 2087 346 2161 stetit.

188 2199 223 2266 ln
250 2194 367 2267 eadem
393 2192 525 2266 ecclesia
549 2191 694 2288 quedam
718 2195 751 2264 in
782 2217 875 2291 petra
902 2191 1039 2266 babetur
1067 2195 1172 2268 excisa

131 2303 284 2400 spelunca
309 2309 391 2396 infru
422 2305 518 2372 locum
543 2304 692 2372 dominice
714 2305 833 2388 Crucis,
868 2298 923 2371 ubi
948 2301 1042 2399 l'uper
1074 2301 1175 2373 altare

136 2433 202 2507 pro
237 2409 460 2506 quorumdam
493 2406 744 2478 honorariorum
776 2405 947 2479 animabus
980 2407 1174 2480 sacrificium

137 2514 286 2609 offertur,
320 2543 461 2614 quorum
495 2541 635 2612 corpora
668 2516 799 2587 interim
832 2517 866 2586 in
895 2516 1003 2612 platea
1031 2517 1173 2587 iacentia

136 2649 311 2723 ponuntur
336 2651 411 2696 ante
438 2625 572 2694 ianuam
598 2620 743 2694 eiusdem
770 2618 900 2696 ecclesie
928 2622 1176 2720 Golgothanee‚

139 2735 314 2830 usquequo
340 2731 492 2804 finiantur
517 2731 571 2802 illa
595 2755 657 2827 pro
684 2728 756 2827 ipsrs
783 2730 945 2803 defunffls
972 2729 1176 2802 sacrosancta

139 2838 331 2936 mysterial

137 3057 207 3128 Vll.
237 3061 289 3125 De
315 3055 450 3150 bufilica,
480 3080 567 3145 quom
591 3057 801 3146 Constantinus
822 3059 953 3124 vicinum
979 3055 1073 3147 [upra
1095 3054 1175 3121 diue

190 3165 309 3259 ecclefie
327 3168 358 3231 in
375 3187 409 3231 eo
424 3163 595 3253 fabricavit
612 3164 692 3246 loco,
711 3164 762 3230 ubi
780 3163 863 3231 Crux
879 3165 1010 3230 Domini
1026 3164 1125 3230 ruinis

204 3273 365 3366 superata,
375 3275 442 3362 post
455 3269 549 3338 multa
557 3269 676 3360 secula,
689 3269 800 3361 refoffu
819 3273 938 3338 inventu
955 3272 1097 3360 estrerru¹

189 3421 280 3492 Huic
306 3413 437 3487 ecclelie
464 3415 496 3485 in
518 3415 596 3486 loco
617 3413 769 3488 Calvarie
797 3415 1057 3515 quadrangulato
1079 3409 1175 3485 fabri·

141 3553 216 3600 cate
229 3525 393 3614 stmtlma,
406 3519 536 3618 lapidea
549 3521 604 3592 illa
614 3522 722 3594 vicina
733 3524 883 3596 orientali
894 3525 927 3595 in
937 3547 1028 3621 parte
1042 3521 1176 3592 coheret

138 3637 263 3725 bufilicu
285 3655 410 3728 magno
431 3628 519 3699 cultu
543 3655 562 3699 a
582 3655 659 3727 rege
677 3633 872 3725 Constantino
890 3629 1084 3719 construcla,
1108 3653 1173 3724 que

138 3745 176 3813 δι
193 3745 387 3834 martyrium‘
403 3735 594 3834 appellatur,
611 3737 644 3807 in
659 3762 712 3829 eo,
735 3762 770 3809 ut
787 3737 895 3828 fertur,
915 3735 1070 3809 fabricata
1082 3735 1172 3820 loco,

139 3847 197 3921 ubi
213 3847 305 3918 Crux
321 3843 459 3913 Domini
477 3865 553 3911 curn
570 3840 639 3912 aliis
655 3839 822 3914 latronum
843 3841 927 3914 binis
945 3837 1093 3913 crucibus
1115 3835 1173 3910 sub

138 3977 225 4024 terra
246 3947 449 4041 abscondita,
469 3948 544 4045 post
561 3946 780 4020 ducentorum
796 3949 931 4047 triginta
947 3950 1047 4019 trium
1063 3943 1174 4038 cyclos

138 4084 317 4150 annorum,
334 4057 405 4153 ipso
424 4057 572 4127 Domino
591 4052 750 4148 donante,
768 4081 895 4154 reperta
911 4053 965 4126 est.

175 4258 198 4292 ι
212 4241 430 4293 temanum.
443 4263 477 4273 —
490 4234 514 4286 b.
532 4231 625 4284 Ultima
689 4239 838 4298 martyrum,
852 4222 1037 4278 monasterium.

137 4321 211 4374 [ἕνα
231 4316 320 4386 ddunt
336 4316 363 4368 in
384 4315 435 4368 cod.
454 4315 481 4366 B.
501 4343 533 4353 -
546 4329 568 4365 c.
587 4309 625 4364 Al.
