3354 5706
544 525 607 603 130
827 523 1050 578 ANTONINUS
1069 525 1245 576 MARTYR

539 641 578 658 ,-

534 735 634 796 sumus
660 733 821 796 Abscalon.
849 731 896 795 Ibi
927 735 969 794 est
998 751 1107 815 puteus
1138 735 1221 816 pacis
1248 735 1276 794 in
1304 732 1432 793 modum
1462 733 1567 792 theatri

535 825 640 902 fastus,
662 824 692 884 in
714 846 775 904 quo
797 822 890 905 usque
911 825 947 884 ad
971 845 1082 906 aquam
1105 846 1155 905 per
1177 824 1286 907 gradus
1302 821 1505 898 descenditur,
1521 821 1568 882 ubi

533 913 723 996 requiescunt
748 930 806 975 tres
836 915 939 976 fratres
968 929 1123 996 martyres,
1152 913 1274 995 proprio
1303 912 1429 993 quidem
1460 911 1571 972 habent

534 1003 660 1064 nomina
674 1000 715 1063 set
736 1001 898 1084 vulgariter
919 1000 1041 1084 Egyptij
1065 1019 1221 1062 vocantur.
1248 999 1387 1064 Nliliario
1410 1021 1427 1060 a
1448 1001 1571 1062 civitate

534 1091 644 1153 Sarasia
670 1091 713 1152 est
739 1092 845 1153 civitas
876 1089 1007 1152 Mazom
1032 1089 1230 1152 Ascalonites.
1266 1086 1343 1150 Inde
1371 1089 1515 1150 venimus
1543 1089 1571 1148 in

533 1181 688 1242 civitatem
721 1178 934 1256 MazomazeS,
966 1179 996 1238 in
1028 1199 1088 1258 qua
1120 1178 1279 1261 requiescit
1312 1177 1430 1238 sanetus
1461 1175 1572 1238 Victor

534 1284 652 1350 martyr.
669 1266 720 1329 De
737 1267 887 1328 Nlazoma
902 1265 994 1348 usque
1008 1265 1099 1330 Gaza
1113 1267 1156 1328 est
1171 1267 1348 1328 miliarium.
1364 1265 1458 1330 Gaza
1469 1281 1571 1327 autem

533 1357 575 1418 est
598 1357 704 1418 civitas
730 1355 894 1438 splendida,
918 1354 1064 1434 delitiosa,
1086 1357 1225 1418 homines
1249 1353 1464 1433 honestissimi,
1485 1355 1571 1416 omni

532 1443 710 1512 liberalitate
739 1445 852 1522 decori,
881 1459 1031 1506 amatores
1057 1445 1294 1527 peregrinorum.
1331 1441 1408 1504 Inde
1437 1442 1570 1504 miliario

532 1532 662 1595 secundo
684 1533 842 1615 requiescit
863 1532 980 1595 sanans
1004 1549 1088 1615 pater
1102 1533 1261 1616 Hylarion,
1283 1532 1312 1594 &
1336 1533 1407 1594 inde
1428 1533 1572 1594 venimus

531 1623 562 1683 in
573 1621 823 1684 civitateEluaha
835 1623 864 1683 in
877 1625 975 1704 capite
987 1622 1102 1683 heremi
1115 1644 1174 1705 que
1185 1623 1268 1683 vadit
1279 1621 1315 1682 ad
1326 1620 1407 1704 Syna
1419 1639 1572 1682 montem.

531 1707 567 1772 ln
589 1711 763 1798 qua'etiam
784 1732 820 1772 ex
842 1710 1027 1773 revelatione
1050 1710 1182 1794 episcopi
1207 1707 1296 1793 ipsius
1317 1709 1451 1772 civitatis
1475 1731 1571 1770 unum

532 1800 701 1861 audivimus
713 1800 796 1882 quod
810 1795 966 1862 srlerenon
982 1816 1104 1882 oportet
1115 1799 1304 1861 miraculum.
1319 1797 1424 1860 Puella
1434 1800 1572 1880 quedam

531 1887 711 1949 nobilissima
722 1889 848 1949 nomine
860 1888 970 1966 Maria,
982 1911 1053 1950 cum
1063 1905 1159 1971 nupta
1168 1885 1274 1966 suisset,
1284 1886 1345 1968 ipsa
1352 1887 1446 1948 noste
1455 1903 1571 1968 nuptus

531 1975 572 2037 sui
588 1992 725 2038 mortuus
748 1977 791 2036 est
807 1975 927 2057 sponsus
940 1979 1014 2055 eius,
1033 1977 1095 2058 ipsa
1109 1999 1232 2059 quoque
1244 1977 1321 2038 hanc
1338 1997 1404 2038 rem
1420 1977 1573 2057 patienter

531 2065 673 2148 portavit,
687 2065 716 2127 δι
732 2065 809 2126 insr'a
824 2065 1021 2147 septimanam
1034 2067 1137 2128 omnia
1149 2065 1198 2126 sua
1210 2066 1393 2148 pauperibus
1406 2063 1571 2126 distribuit.

532 2153 694 2218 Celebrato
718 2154 766 2214 die
788 2153 925 2235 septim0,
949 2155 1041 2216 noble
1062 2154 1123 2236 ipsa
1148 2153 1227 2216 veste
1250 2151 1346 2234 sponsr
1371 2153 1499 2231 sublata,
1526 2155 1571 2216 in-

530 2257 620 2304 venta
634 2264 696 2302 non
712 2241 763 2303 est.
781 2241 831 2303 De
847 2264 908 2324 qua
922 2243 1038 2304 dietum
1053 2243 1095 2303 cst
1109 2243 1208 2320 nobis,
1222 2243 1294 2325 quia
1308 2239 1378 2304 esset
1394 2243 1425 2303 in
1438 2243 1569 2303 heremo

529 2348 609 2393 trans
618 2328 782 2392 Iordanem
795 2331 872 2392 inter
884 2330 1037 2392 calamora
1049 2330 1096 2392 vel
1109 2330 1246 2410 palmosa
1257 2347 1326 2392 ante
1338 2352 1396 2392 nos
1409 2331 1440 2391 in
1454 2329 1568 2393 linibus

529 2419 623 2501 Segor
645 2419 726 2480 circa
747 2440 828 2480 mare
845 2419 1023 2482 Salinarum.
1040 2416 1075 2480 ln
1091 2420 1201 2502 quibus
1216 2419 1292 2481 locis
1309 2420 1483 2480 invenimus
1499 2441 1570 2480 mo·

528 2508 656 2570 nasleria
673 2505 751 2568 ultra
775 2509 952 2590 quindecim
967 2507 1015 2569 vel
1031 2509 1102 2590 xviij
1121 2507 1301 2589 puellarum,
1322 2529 1381 2589 que
1398 2506 1568 2570 Christiani

528 2595 724 2678 populabant.
738 2595 812 2682 Que
825 2598 969 2660 habentes
982 2618 1077 2658 unum
1089 2596 1217 2658 asellum
1229 2596 1572 2678 cibariodeportabant,

528 2685 557 2745 δι
577 2684 752 2745 nutriebant
774 2684 895 2746 leonem
918 2684 1083 2747 terribilem
1099 2686 1134 2746 ad
1152 2685 1326 2746 videndum.
1351 2684 1500 2767 Cumque
1516 2707 1573 2767 ap-

529 2770 811 2855 propinquassemus
826 2773 946 2853 cellule,
961 2777 1066 2836 omnia
1077 2773 1220 2836 animalia
1232 2795 1291 2856 que
1307 2789 1391 2834 erant
1406 2774 1571 2836 nobiscum

529 2881 545 2920 a
567 2862 665 2944 rugitu
682 2861 761 2925 illius
784 2861 950 2925 minserunt
965 2865 994 2926 δι
1011 2865 1040 2925 in
1056 2879 1133 2926 terra
1147 2878 1338 2925 corruerunt.
1361 2861 1403 2924 Et
1422 2863 1573 2924 dicebant

527 2950 616 3012 nobis
638 2952 721 3032 quod
747 2950 844 3031 ipsum
870 2951 992 3013 asellum
1016 2953 1064 3014 leo
1090 2951 1150 3034 ipse
1177 2953 1357 3034 gubernaret
1381 2951 1412 3012 in
1439 2949 1571 3032 pascuis.

529 3035 636 3122 Quem
651 3038 680 3100 δε
695 3037 863 3100 offerebant
878 3039 966 3101 nobis
982 3059 1036 3122 pro
1051 3057 1175 3101 centum
1191 3038 1302 3102 solidis.
1324 3038 1375 3101 Set
1395 3055 1481 3121 pater
1497 3041 1573 3104 Arr-

528 3127 629 3187 tonius
655 3123 801 3207 suscipere
830 3126 937 3189 noluit.
963 3129 1020 3190 Sed
1051 3127 1127 3190 milit
1157 3129 1185 3190 in
1213 3126 1401 3190 Hierusalem
1430 3129 1508 3207 cit0,
1541 3131 1573 3193 br
1670 3157 1671 3180 1

527 3214 651 3276 adduxit
666 3215 708 3276 eis
726 3231 824 3278 ternas
840 3219 968 3294 tunicaS,
983 3218 1012 3280 ἃ
1028 3216 1130 3279 oleum
1146 3221 1181 3278 ad
1196 3216 1355 3279 luminaria
1366 3217 1396 3278 bt
1407 3215 1574 3299 legumina

526 3302 629 3364 multa.
656 3302 696 3364 Et
721 3301 782 3384 ipse
807 3304 896 3366 nobis
922 3306 1064 3368 dixerunt
1086 3307 1123 3367 de
1150 3305 1310 3367 virtutibus
1337 3305 1449 3382 Marie,
1474 3309 1572 3373 cuius

524 3391 656 3473 superius
680 3392 868 3453 mentionem
895 3393 1033 3470 sccimus,
1058 3415 1117 3475 que
1145 3392 1355 3454 ambulaverat
1376 3395 1406 3454 in
1432 3395 1569 3458 heremo

525 3478 585 3539 sola
606 3496 729 3562 portans
749 3478 903 3562 legumine
919 3478 1072 3563 sportellas
1097 3479 1210 3561 plenas,
1232 3479 1279 3542 vel
1295 3483 1412 3544 tunicas
1434 3503 1514 3564 quas
1540 3486 1570 3546 ei

523 3572 688 3653 cupiebant
702 3569 838 3649 aufferre,
854 3570 901 3634 sed
918 3571 1020 3636 nullus
1036 3594 1102 3634 eam
1119 3573 1252 3634 invenire
1269 3573 1376 3654 potuit.
1394 3573 1436 3634 At
1453 3591 1563 3638 tamen

524 3664 562 3722 de
583 3661 625 3721 eis
650 3683 708 3742 que
734 3659 834 3722 secum
860 3663 985 3724 duxerat
1006 3661 1101 3723 nichil
1126 3678 1282 3743 reportant
1305 3677 1491 3724 revertentes
1524 3667 1566 3728 de

524 3751 656 3810 heremo.
674 3749 771 3812 Cuius
794 3749 990 3812 afflietiorrem
1013 3748 1061 3811 vel
1083 3749 1235 3831 ploratum
1253 3748 1338 3810 nulla
1352 3751 1469 3812 ratione
1484 3775 1569 3818 con-

525 3839 608 3901 solari
632 3842 796 3922 potuimus,
821 3840 862 3902 set
885 3857 1004 3902 tantum
1026 3840 1124 3922 sepius
1146 3840 1268 3901 dicebat
1291 3839 1381 3902 flens:
1409 3841 1458 3902 Ve
1483 3847 1568 3907 mibi

525 3927 639 4005 misera,
660 3930 746 3990 cuius
767 3927 854 3990 causa
875 3951 924 3990 me
949 3927 1141 3991 christianam
1165 3929 1243 3990 dico.
1274 3927 1502 3991 Proficiscerrtes
1528 3935 1569 3993 de

523 4017 646 4078 civitate
658 4016 811 4094 Heulatia,
826 4017 1004 4079 intravimus
1019 4019 1176 4079 heremum
1192 4016 1321 4078 miliario
1336 4025 1399 4078 xx⁰.

563 4100 598 4164 ln
620 4127 681 4187 quo
703 4105 746 4166 est
760 4105 887 4167 castrum
909 4104 960 4168 ubi
985 4104 1026 4166 est
1047 4103 1267 4187 synodochium
1290 4105 1390 4168 Sancti
1416 4104 1567 4189 Georgij,
1670 4139 1671 4182 3

523 4191 553 4253 in
565 4215 627 4275 quo
639 4193 751 4255 habent
763 4193 946 4257 transeuntes
962 4193 1009 4256 vel
1018 4193 1164 4255 heremite
1171 4195 1321 4276 refugium
1330 4193 1387 4256 srve
1396 4192 1563 4275 stipendia.
1670 4189 1671 4238 l

561 4277 636 4343 Inde
660 4283 804 4344 intrantes
819 4283 848 4343 in
862 4282 1035 4344 interiorem
1059 4281 1227 4359 heremum,
1248 4283 1387 4344 venimus
1399 4282 1436 4343 ad
1449 4281 1565 4344 locum

521 4371 632 4452 dequo
645 4371 756 4433 dicitur
768 4373 798 4432 in
812 4370 940 4452 psalmo:
959 4371 1057 4432 Terra
1070 4370 1221 4432 sruslisera
1233 4371 1263 4431 in
1277 4369 1430 4453 salsugine,
1442 4371 1506 4434 hoc
1520 4375 1566 4435 ell
