3354 5706
548 523 614 617 198
954 536 1149 591 nncutrus

543 759 700 830 comitatu
717 758 870 855 emigrat:
897 758 972 852 qui,
986 757 1060 853 post
1077 756 1180 828 multa
1197 755 1375 830 &diversa
1392 755 1473 828 belli
1497 757 1582 851 peri·

543 875 616 946 cula
633 875 779 969 interque
797 872 919 943 misella
936 872 1154 968 plurimorum
1171 872 1273 944 millia
1284 872 1585 959 homunculorum,

543 1007 607 1077 que
633 981 814 1053 constrata⁰
831 979 1053 1076 disperierant,
1080 980 1148 1076 ipse
1174 983 1209 1052 in
1235 978 1356 1052 eodem
1381 979 1443 1050 suo
1465 977 1583 1048 sedens

542 1087 662 1160 dilecto
679 1112 767 1183 equo
789 1085 831 1158 ab
848 1071 1002 1158 omnibus
1024 1087 1143 1157 infestis
1163 1084 1284 1158 casibus
1302 1088 1391 1157 iuxta
1409 1110 1579 1156 memora·

545 1219 613 1266 tam
630 1195 730 1266 talem
747 1217 892 1264 exemtus
908 1191 1248 1283 commendationem,
1274 1191 1458 1263 christicole
1470 1194 1582 1262 Geor·

541 1303 598 1398 gio
621 1303 696 1373 Deo
720 1299 945 1388 condonante,
968 1300 1012 1372 ad
1028 1300 1194 1395 Dispolim
1218 1299 1373 1397 prospere
1396 1301 1581 1384 revertitur,

500 1439 504 1447 ¹
539 1407 696 1503 illamque
708 1406 858 1498 domum,
871 1408 905 1476 in
920 1431 984 1502 qua
995 1405 1139 1478 eiusdem
1156 1407 1256 1478 sancii
1269 1403 1465 1477 confessoris
1478 1402 1582 1476 habe·

539 1511 634 1584 batur
650 1515 775 1613 imagn,
793 1514 902 1584 secum
919 1512 1067 1585 deferens
1085 1539 1201 1584 aurum
1217 1513 1251 1585 in
1268 1513 1345 1608 equi
1356 1513 1503 1608 pretium
1521 1513 1580 1600 sui,

539 1619 721 1717 gaudenter
732 1623 840 1710 intrat,
855 1621 1069 1715 sanctumque
1078 1621 1276 1718 Georgium,
1291 1616 1365 1690 acsi
1380 1619 1581 1715 presentem,

541 1726 731 1822 alloquitur,
749 1726 877 1798 dicens:
903 1728 1019 1798 Sansle
1037 1723 1213 1817 confessor,
1231 1727 1306 1797 Deo
1325 1749 1442 1796 eterno
1458 1727 1581 1822 gratias

540 1833 657 1924 refer0‚
675 1835 731 1928 qui
748 1858 801 1903 me
819 1834 895 1929 pers
914 1858 967 1904 tue
989 1830 1211 1904 celsitudinem
1227 1830 1438 1903 firmitudinis
1454 1835 1491 1903 ἀ
1507 1857 1580 1902 ora·

541 1942 636 2011 tionis
654 1940 808 2037 sospitem
827 1936 961 2011 reduxit.
980 1939 1152 2036 Propterea
1168 1940 1228 2009 hos
1246 1937 1305 2011 tibi
1319 1939 1440 2036 viginti
1458 1938 1581 2010 solidos

539 2049 609 2117 auri
631 2044 743 2138 affero,
765 2047 842 2142 equi
859 2048 999 2143 pretium
1017 2048 1093 2137 mei,
1116 2072 1225 2142 quem,
1247 2043 1305 2116 tibi
1322 2047 1469 2142 primum
1486 2071 1579 2116 com·

540 2150 744 2245 mendarum,
771 2153 851 2224 milri
875 2154 975 2249 usque
1001 2155 1034 2223 in
1053 2151 1250 2224 hodiernum
1267 2151 1356 2224 diem
1373 2153 1578 2224 conservasti.

542 2260 614 2330 l·lec
636 2255 757 2346 dicens,
785 2259 879 2353 supra
905 2257 1100 2354 descriptum
1126 2261 1194 2330 auri
1218 2258 1349 2355 pondus
1374 2283 1453 2329 ante
1478 2257 1578 2354 pedes

540 2365 648 2436 sancle
666 2366 806 2437 sormule
831 2362 1026 2438 confessoris
1049 2363 1198 2461 deponit,
1226 2366 1300 2462 plus
1319 2391 1445 2462 equum
1463 2391 1577 2436 amans

541 2497 641 2568 quam
659 2500 785 2564 aurum,
804 2471 997 2572 &egressus
1016 2473 1115 2562 foras,
1132 2473 1413 2571 ingeniculatione
1437 2473 1576 2570 expleta,

540 2577 604 2650 tale
629 2582 813 2652 iumentum
842 2581 937 2676 supra
967 2577 1080 2650 sedens
1115 2576 1158 2650 ad
1188 2577 1420 2676 emigrandum
1449 2579 1578 2677 instigat
1655 2669 1656 2674 ἵ

540 2685 687 2781 quidem,
706 2685 761 2758 sed
780 2686 871 2758 nullo
889 2685 994 2756 modo
1013 2687 1139 2758 moveri
1155 2687 1272 2783 potuit.

590 2790 696 2892 Qod
727 2793 780 2865 ille
806 2793 1025 2865 homunculus
1054 2791 1181 2883 videns,
1208 2790 1376 2864 descendit
1404 2791 1448 2864 de
1478 2817 1575 2888 equo,

540 2901 746 2996 reversusque
764 2897 905 2971 domum
924 2900 1022 2970 intrat
1039 2899 1184 2995 aliosque
1200 2898 1316 2970 decem
1333 2897 1427 2970 affert
1443 2899 1575 2986 solidos,

538 3007 705 3105 inquiensJ:
718 3008 834 3079 Sande
844 3004 1020 3094 consessor,
1034 3006 1220 3077 mansuetus
1233 3004 1368 3101 quidem
1381 3005 1464 3077 milri
1476 3007 1576 3102 equiti

540 3138 628 3184 tutor
652 3115 687 3185 in
709 3111 918 3210 expeditione
936 3114 1020 3184 inter
1041 3112 1186 3208 pericula
1204 3112 1303 3204 fuisti3
1326 3111 1392 3203 sed,
1414 3138 1452 3183 ut
1467 3113 1575 3203 video,

539 3218 638 3290 durus
650 3223 686 3290 ἃ
697 3245 811 3292 avarus
824 3245 857 3289 es
870 3220 903 3288 in
922 3221 1122 3289 commercia
1134 3221 1219 3314 equi.
1232 3219 1306 3290 Hec
1318 3217 1444 3312 dicens,
1462 3221 1575 3293 decem

539 3327 634 3422 super
654 3327 770 3424 viginti
792 3324 914 3396 solidos
933 3321 1105 3415 adiiciens,
1122 3325 1165 3396 ad
1187 3326 1334 3398 sanetum
1351 3326 1432 3399 dicit
1449 3329 1574 3400 conses-
1654 3329 1655 3370 ²

539 3431 660 3503 sorem:
684 3431 719 3502 Et
739 3433 799 3502 hos
821 3430 879 3503 tibi
900 3429 990 3502 addo
1012 3431 1146 3523 solidos,
1164 3457 1200 3503 ut
1217 3421 1298 3505 milti
1319 3433 1489 3530 placabilis
1507 3434 1573 3526 fias,

540 3540 575 3608 dt
596 3564 708 3609 meum
726 3537 770 3609 ad
791 3536 1031 3610 ambulandum
1052 3538 1192 3611 resolvas
1215 3565 1347 3634 equum.
1371 3541 1449 3612 l·loc
1470 3539 1571 3629 disin,

540 3643 708 3742 regressus,
725 3647 841 3716 iterum
857 3642 1034 3716 ascendens
1052 3670 1175 3741 equum
1189 3645 1232 3717 ad
1250 3647 1430 3718 meandum
1446 3651 1570 3740 incitat,

542 3753 600 3847 qui
616 3749 702 3849 quafi
724 3751 841 3824 infixus
859 3753 892 3824 in
915 3749 1035 3824 eodem
1051 3749 1154 3823 stabat
1170 3752 1260 3844 locu,
1278 3779 1339 3824 nec
1355 3757 1456 3826 etiam
1472 3782 1572 3828 unum

540 3883 672 3954 poterat
688 3884 822 3930 movere
838 3856 970 3955 pedem.
988 3856 1083 3954 Quid
1098 3858 1210 3955 plura?
1229 3859 1300 3930 Post
1317 3862 1393 3957 equi
1407 3863 1573 3932 ascensum
1653 3891 1654 3908 ¹

542 3964 797 4062 descensumque
809 3983 867 4062 pet
875 3990 1015 4061 quatuor
1027 3964 1165 4064 smgulas
1179 3968 1276 4057 vices,
1287 3969 1409 4040 intrans
1423 3968 1573 4060 domum,

542 4072 659 4144 decem
675 4074 785 4145 secum
802 4072 923 4144 solidos
941 4071 1078 4145 afferens
1094 4076 1129 4145 dt
1148 4073 1195 4144 ad
1205 4075 1413 4148 immobilem
1434 4079 1573 4150 reversus

577 4237 600 4274 a.
620 4221 675 4285 Ed„
689 4220 739 4289 mff.
752 4221 895 4275 constituta.
910 4249 942 4258 -
955 4222 981 4273 b.
996 4221 1023 4272 V.
1086 4233 1141 4275 tute
1152 4223 1284 4278 orationis.

542 4317 585 4372 per
604 4313 643 4354 tot
659 4302 684 4354 dr
703 4315 773 4355 tanta
791 4301 899 4376 pericula
916 4313 958 4354 tue
977 4301 1025 4356 vir·
