3390 5720
533 524 600 600 104
833 506 1058 566 ANTONINUS
1084 508 1259 562 MARTYR

524 742 559 809 δι
576 733 703 833 lapides
721 733 826 824 multi,
840 757 918 802 cum
934 727 1051 826 quibus
1068 727 1233 826 lapidatus
1246 727 1290 798 est
1303 725 1494 822 Stephanus.
1520 722 1564 796 lbi

525 843 569 916 est
585 846 621 913 δι
644 843 795 927 columna,
817 840 852 908 in
883 864 950 934 qua
971 863 1048 908 crux
1068 833 1173 934 posrta
1194 835 1254 906 fuit
1276 839 1358 904 beari
1375 838 1475 920 Petri,
1497 857 1565 928 qua

524 947 695 1023 crucifixus
713 948 757 1018 est
768 947 884 1017 Rome.
902 943 946 1016 lbi
963 946 1007 1017 est
1018 948 1101 1016 culix
1113 945 1324 1039 apostolorum,
1344 940 1379 1010 in
1396 963 1478 1036 quo,
1491 939 1566 1036 post

525 1056 794 1131 resurrectionem
808 1053 960 1144 Domini,
979 1050 1087 1123 miffas
1101 1047 1321 1142 celebrabant,
1333 1052 1368 1120 δε
1381 1047 1486 1119 multa
1502 1045 1567 1116 alia

525 1162 696 1255 mirabilia,
713 1188 779 1259 que
797 1186 867 1234 non
884 1160 1006 1232 recole.
1023 1158 1068 1231 lbi
1084 1161 1129 1230 est
1145 1165 1353 1250 monasterium
1371 1154 1567 1253 puellarum,

524 1272 559 1340 ἃ
575 1269 643 1344 vidi
660 1271 774 1343 testam
792 1269 938 1341 hominis
952 1267 1112 1338 inclusam
1129 1268 1163 1336 in
1180 1265 1293 1337 loculo
1312 1289 1423 1356 aureo,
1442 1286 1566 1333 ornato

524 1379 676 1475 gemmis,
694 1403 796 1474 quam
812 1375 928 1447 dicunt
953 1372 1017 1446 effe
1034 1399 1135 1471 caput
1151 1397 1294 1464 martyre
1310 1367 1506 1442 llreodote:
1530 1369 1565 1440 in

525 1510 591 1581 qua
607 1485 701 1556 multi
718 1511 842 1581 aquam
864 1508 927 1581 pto
954 1479 1185 1554 benediolione
1211 1476 1328 1551 bibunt
1349 1481 1467 1576 &ego
1485 1473 1565 1547 bibi,

523 1725 634 1797 XXlll.
651 1729 784 1823 Bnfilt'ca
799 1731 833 1796 S.
847 1729 975 1813 marie,
990 1727 1184 1812 xenodochia,
1194 1727 1364 1819 pretorium
1368 1725 1427 1815 seu
1441 1723 1565 1818 bcrfilt'm
1683 1679 1684 1704 i

598 1838 633 1902 S.
653 1837 778 1927 Soplie,
797 1840 884 1904 ruine
900 1834 1019 1927 templi,
1039 1859 1114 1924 uque
1128 1833 1270 1924 decursus
1287 1833 1329 1899 ud
1344 1830 1476 1898 Siloam,

573 2019 624 2088 De
649 2019 727 2088 Sion
753 2018 903 2090 venimus
932 2018 966 2089 in
988 2019 1141 2115 bufilt'cum
1157 2021 1266 2087 Sundle
1282 2021 1411 2102 marie,
1437 2012 1496 2086 ubi
1519 2013 1566 2084 est
1685 2065 1686 2120 ,

524 2124 742 2223 congregatio
775 2150 898 2223 magna
927 2125 1182 2215 monachorum,
1213 2121 1269 2195 ubi
1293 2124 1367 2194 sunt
1395 2126 1431 2193 ἀ
1459 2146 1565 2192 xeno·

524 2227 645 2302 dochia
662 2231 807 2301 virorum
824 2257 864 2302 ac
881 2230 1068 2302 mulierum:
1086 2231 1249 2326 susceptus
1265 2229 1456 2326 peregrinus
1476 2229 1565 2298 sum:

523 2337 634 2408 mense
654 2334 916 2426 innumerabiles,
941 2337 1017 2409 leoli
1036 2361 1228 2436 egrotorum
1253 2337 1326 2408 sunt
1345 2336 1486 2432 amplius
1504 2336 1566 2406 tria

524 2443 634 2514 millia
653 2442 688 2514 Et
704 2446 870 2516 oravimus
886 2446 920 2514 in
932 2451 1083 2539 pretorio,
1103 2440 1159 2515 ubi
1177 2442 1305 2515 auditus
1324 2443 1368 2514 est
1385 2443 1566 2532 Dominus,

523 2552 559 2619 δι
582 2547 688 2620 modo
715 2551 758 2620 est
782 2554 905 2644 dufilicu
932 2557 1042 2623 Sant‘le
1058 2556 1184 2646 Sophia.
1214 2553 1301 2622 Ante
1327 2556 1432 2621 ruinas
1456 2551 1568 2644 templi

522 2655 719 2746 Salomonis,
745 2654 803 2727 sub
829 2658 939 2753 platea
955 2684 1044 2754 aqua
1062 2657 1205 2728 decurrit
1230 2654 1275 2729 ad
1295 2661 1417 2750 sontem
1442 2659 1565 2728 Siloam

524 2763 613 2834 secus
617 2769 771 2857 porticum
785 2766 972 2836 Salomonis.
994 2769 1027 2835 ln
1046 2765 1113 2861 ipsa
1126 2761 1255 2836 bafilica
1272 2764 1317 2834 est
1333 2761 1435 2853 sedes,
1448 2764 1483 2834 in
1496 2789 1565 2860 qua

524 2868 605 2941 sedit
623 2869 749 2963 Pilatus,
768 2870 904 2967 quando
917 2872 1104 2942 Dominum
1120 2870 1266 2961 audivit3
1283 2895 1375 2967 petra
1392 2894 1505 2942 autem
1517 2869 1564 2942 ibi

523 2976 568 3048 est
585 2973 823 3076 quadrangula,
850 3003 913 3074 que
936 2976 1041 3050 stabat
1062 2981 1096 3049 in
1119 2977 1231 3050 medio
1249 2979 1405 3075 pretorio.
1435 2982 1469 3048 ln
1487 3005 1563 3050 earn

522 3082 646 3156 levanrs
672 3083 717 3154 est
733 3086 910 3176 Dominus,
932 3082 1069 3179 quando
1086 3083 1215 3156 auditus
1239 3085 1284 3156 est
1300 3111 1320 3156 a
1338 3084 1450 3178 Pilato,
1467 3109 1504 3156 ut
1519 3083 1563 3156 ab

524 3191 617 3261 omni
633 3190 762 3286 populo
780 3190 945 3262 audiretur
959 3195 995 3262 δε
1007 3190 1181 3284 videretur,
1199 3190 1311 3288 ibique
1329 3191 1463 3290 vestigia
1477 3192 1563 3263 illius

523 3298 763 3368 remanserunt:
804 3287 943 3394 pedem'
961 3298 1146 3395 pulchrum,
1181 3297 1365 3390 modicum,
1398 3293 1561 3388 subtilem,

523 3402 677 3474 stantram
705 3428 933 3496 communem,
958 3405 1078 3476 faciem
1110 3405 1294 3502 pulchram,
1323 3403 1461 3502 capillos
1487 3402 1562 3476 lub-

523 3508 694 3601 anellatos,
731 3536 867 3582 manum
898 3512 1090 3604 formosam,
1126 3510 1248 3610 digitos
1286 3511 1410 3610 longos
1445 3511 1561 3610 imago

524 3612 682 3713 defignm,
709 3643 784 3713 que,
809 3619 867 3688 illo
894 3620 1035 3709 vivente,
1064 3620 1151 3716 pina
1177 3621 1212 3689 ἃ
1237 3616 1342 3716 posrta
1366 3619 1411 3690 est
1432 3620 1466 3690 in
1487 3619 1561 3715 ipso

524 3724 681 3818 pretorio.
701 3722 802 3795 Etiam
825 3723 868 3795 de
886 3749 979 3822 pena
996 3725 1063 3818 illa,
1086 3723 1142 3798 ubi
1160 3726 1252 3816 stetit,
1276 3726 1379 3798 multe
1396 3724 1479 3797 fiunt
1495 3727 1561 3798 vit·

525 3851 626 3901 tutes:
659 3829 809 3904 tollentes
838 3829 880 3902 de
910 3829 1006 3930 ipfius
1039 3833 1179 3932 vestigiis
1211 3830 1335 3930 pedum
1364 3833 1562 3924 mensuram,

523 3936 629 4035 ligant
644 3963 707 4034 pro
725 3934 856 4038 fingulis
872 3937 1086 4036 languoribus
1104 3942 1138 4011 δι
1151 3939 1311 4012 sanantur.
1330 3939 1365 4010 Et
1380 3940 1451 4037 ipsa
1469 3965 1562 4036 petra

525 4069 641 4115 ornata
660 4046 704 4116 est
721 4071 800 4118 auro
819 4050 855 4117 δι
871 4071 1019 4145 argento.
