3396 5708
649 539 754 635 (397)
922 467 928 478 ¹
1167 558 1209 631 οι

328 777 501 830 intermunus
529 789 622 839 rumor,
650 781 735 842 petere
757 787 801 824 eoo
822 769 990 838 ierosolyma
1009 769 1034 822 s
1055 771 1091 822 ob
1112 768 1216 822 nimiam

328 855 381 908 auri
393 853 554 924 cupiditntem
564 853 596 906 sd
606 852 672 905 banc
681 852 770 906 urbem
779 867 928 920 percurrere.
946 851 978 902 M
982 849 1017 904 uri
1028 849 1136 920 negledli
1149 848 1216 920 pacis

328 933 422 990 incutio
443 933 619 988 sarciebrntur.
641 931 771 986 Antiochia
791 930 962 996 obfidebotur,
989 926 1067 998 ljros
1087 929 1112 984 se
1131 928 1217 984 volens

327 1026 423 1068 stent
433 1014 582 1084 obrumpere
594 1011 698 1066 insulam
711 1011 841 1082 quoerebot
854 1008 993 1080 antiquom.
1009 1031 1018 1056 ι

363 1139 398 1205 [S.
420 1135 601 1207 Hieronymus,
623 1134 724 1204 Epiiolo
746 1134 878 1198 Lxxvn,
900 1134 938 1186 od
958 1135 1082 1186 Octmm
1103 1133 1218 1204 (Migne‚

328 1219 396 1271 Patr.
405 1215 459 1281 lat,
469 1217 553 1281 xxti,
566 1233 588 1268 c.
598 1215 675 1284 695).
692 1213 733 1268 ef.
744 1213 818 1268 losue
829 1212 939 1284 stylites,
949 1212 1218 1280 coronicmssrim

329 1297 412 1367 (euius
420 1295 512 1365 frogm.
522 1294 600 1348 edidit
610 1294 660 1347 los.
673 1293 796 1347 simonius
806 1291 971 1358 Alsemonus,
981 1293 1130 1347 Bibliotheca
1138 1294 1219 1348 orire·

328 1377 386 1430 talis
408 1373 694 1440 amnone-Votieno,
711 1377 736 1440 Ι,
757 1392 783 1443 p.
809 1373 891 1443 262);
924 1372 1058 1428 comico·
1078 1373 1218 1442 Edtfftttotm

329 1457 391 1526 (Ios.
405 1459 429 1509 S.
442 1454 607 1520 Memnone,
623 1455 668 1523 Op.
680 1453 734 1519 cit,
744 1454 767 1522 1,
782 1470 806 1523 p.
820 1454 886 1522 400)
899 1475 906 1516 ;
917 1451 1112 1524 Abulsurogim,
1125 1457 1214 1509 Chroe.

330 1539 381 1607 br·
396 1535 440 1604 (n.
455 1535 547 1601 nrum,
557 1553 585 1605 r·
600 1533 656 1604 ⁷¹)·
677 1533 806 1603 oesopra
819 1535 856 1585 ad
867 1549 960 1586 m
974 1551 1034 1603 395·

100 1717 178 1796 397
193 1707 382 1776 lorinnnns
394 1703 605 1776 Cnssmnus
616 1701 651 1771 δι
663 1701 1034 1794 Gunnnnussecunda
1048 1707 1123 1772 vice.
1139 1717 1218 1790 (ιω)

233 1867 246 1901 ι
263 1841 321 1906 Sed
337 1840 410 1906 licet
430 1860 536 1924 parum
551 1839 694 1921 deinceps
709 1837 747 1900 de
761 1835 864 1930 nostro
878 1836 1007 1902 essemus
1022 1842 1218 1922 promissione

189 1929 321 2010 solliciti,
334 1946 447 2009 tamen,
457 1927 581 2011 expleto
591 1927 705 2010 septem
716 1945 865 1988 annorum
876 1947 1016 2006 numero,
1029 1926 1218 2011 sponsionem

188 2018 322 2082 nostram
332 2033 486 2104 gratanter
497 2015 699 2100 implevimus.
708 2013 911 2078 Excurrentes
922 2035 1055 2098 namque
1063 2019 1100 2079 ad
1109 2040 1218 2084 coeno·

189 2107 274 2170 bium
295 2106 432 2169 nostrum
455 2103 615 2190 [Bethleem]
643 2103 697 2167 illo
718 2105 778 2165 iam
801 2118 951 2185 tempore,
975 2107 1098 2187 quode
1120 2108 1219 2192 impe·

189 2194 298 2258 trando
309 2197 346 2257 ad
358 2213 495 2256 eremum
508 2193 607 2256 reditu
617 2191 761 2254 fiduciam
776 2189 965 2274 gerebamus,
977 2193 1111 2275 primum
1122 2194 1219 2260 senio-

189 2282 270 2347 ribus
300 2281 408 2346 nollris
434 2283 586 2344 honorem
618 2278 756 2344 debitum
785 2278 938 2360 solvimus,
971 2282 1081 2344 deinde
1110 2284 1219 2349 animis

190 2391 298 2435 eorum
321 2372 374 2454 qui
389 2389 444 2453 pro
459 2369 612 2432 charitatis
633 2369 740 2431 ardore
755 2367 949 2432 creberrimis
964 2367 1136 2434 litterarum
1149 2372 1219 2436 nos·

190 2477 302 2524 trorum
316 2458 563 2523 satisfad'tionibus
573 2476 768 2540 nequaquam
786 2455 906 2519 fuerant
919 2457 1048 2538 deliniti,
1063 2459 1217 2541 pristinam

191 2547 460 2632 redintegravimus
480 2547 679 2622 charitatem
704 2547 888 2628 tandemque
909 2546 946 2608 ad
968 2547 1094 2631 plenum
1109 2551 1217 2614 aculeo

190 2637 297 2700 nostroe
315 2633 481 2719 sponsionis
492 2633 605 2715 avulso,
618 2634 665 2697 his
680 2655 804 2718 quoque
818 2655 890 2696 cum
903 2637 1017 2719 gaudio
1032 2637 1217 2721 prosequen-

191 2725 281 2805 tibus,
295 2727 330 2788 ad
347 2725 511 2809 Scytbioticae
524 2723 693 2788 solitudinis
708 2722 819 2786 secreta
833 2725 1045 2788 remeavimus.
1063 2751 1075 2784 s

191 2861 392 3008 ωὲοὴιηηω
404 2859 542 3012 griffinus
563 2860 713 2926 collationes,
732 2861 818 2926 xvrl,
837 2877 861 2913 c.
884 2877 913 2928 ³¹
939 2861 1055 2933 (Migne,
1077 2865 1144 2916 Patr.
1162 2862 1217 2930 lot,

299 2959 321 2994 c.
338 2947 421 3005 1087.

101 3118 177 3199 397
191 3101 344 3301 Ρῗιυε,
369 3129 388 3169 u
396 3102 427 3195 s.
445 3104 618 3195 osugustino
640 3102 718 3195 ads
736 3101 952 3192 Hieronymum
977 3105 1008 3170 in
1027 3102 1217 3193 Palestinom

191 3213 233 3277 mi
256 3234 302 3278 os.
323 3219 403 3290 (τος)

232 3370 245 3403 ‹
263 3344 356 3407 Hunc
377 3343 493 3406 intereo
514 3341 637 3406 fratrem
650 3343 786 3407 nostrum
802 3342 930 3406 Paulum
953 3344 984 3407 in
999 3345 1123 3410 Christo
1137 3345 1217 3409 mul·

191 3451 256 3498 tum
270 3433 458 3497 commendo
479 3432 657 3517 benignitati
673 3449 742 3514 tute,
766 3435 853 3498 cuius
874 3437 905 3498 in
920 3435 1027 3500 nostris
1041 3435 1217 3520 regionibus

190 3521 403 3587 existimationi
418 3523 535 3586 bonum
553 3544 657 3586 coram
672 3522 744 3588 Deo
759 3523 966 3588 testimonium
981 3524 1183 3607 perhibemus.
1202 3548 1215 3580 ›

190 3657 477 3810 XXX[ISI.LAroguiri;rr]n,
490 3657 589 3728 Epilolo
603 3661 661 3724 XL,
682 3659 748 3726 ads.
765 3659 934 3729 {sermm
950 3659 1065 3729 (Migne‚
1081 3663 1150 3714 Patr.
1163 3661 1218 3728 lot,

326 3756 349 3792 c.
366 3744 415 3804 158
432 3778 439 3794 .

193 3897 250 3947 397·
270 3883 426 3935 Snxmcsnt
440 3881 634 3945 Porinos-inmo
648 3893 808 3934 rnvsuunr.
823 3947 825 3952 Ι

370 3997 430 4050 «ln
444 3995 573 4066 rataestiu
596 3995 717 4066 pertibus,
738 3995 809 4049 iuxts
832 3995 928 4049 ‘Theou
950 3995 1042 4068 oleum,
1065 3996 1107 4064 qui
1132 3996 1217 4049 Amos

332 4077 480 4148 prophetam
501 4077 590 4130 metuit
606 4093 746 4146 procreare,
767 4075 874 4129 solitudo
892 4075 1022 4129 vollillimo
1040 4078 1075 4130 eil
1090 4078 1167 4148 usque
1184 4077 1217 4128 od

332 4158 456 4212 erasm
476 4174 507 4210 oc
528 4149 607 4211 Maro
626 4168 755 4222 mmm,
777 4174 830 4226 quo
855 4154 963 4227 ingreffo
987 4157 1107 4212 deficiunt
1123 4157 1218 4210 fluento

331 4237 455 4303 ludaeis,
476 4238 502 4292 dt
521 4235 616 4292 cinereo
624 4236 930 4307 &dmmomptiffimo
942 4237 1082 4291 extenfioue
1096 4238 1216 4307 porreslo.

331 4321 362 4372 In
382 4319 431 4372 hoc
448 4319 551 4372 sumente
573 4317 631 4372 vitoe
651 4335 682 4370 oc
701 4317 837 4372 seniliutir
854 4317 970 4370 monocbi
994 4317 1126 4372 diutillime
1147 4335 1214 4372 com·
