3390 5720
293 547 344 599 DE
369 547 473 599 LOCIS
498 545 795 600 TRANSMARINIS
820 547 957 603 SACRIS.
1081 550 1144 620 127

145 762 194 826 lbi
210 765 257 826 est
272 762 487 826 monasterium
503 764 682 847 puellarum.
697 763 740 826 Et
754 764 794 828 ibi
810 766 872 827 vidi
888 765 993 828 testam
1009 767 1143 830 hominis

111 853 262 916 inclusam
287 855 317 915 in
339 852 443 915 loculo
466 875 557 915 aureo
572 870 680 916 ornato
701 855 840 937 gemmis,
861 876 954 938 quam
969 855 1075 917 dicunt
1089 853 1147 918 esse

109 959 204 1024 caput
228 944 368 1025 martyris
385 941 564 1021 Theodote,
586 943 616 1004 in
639 965 700 1025 qua
724 942 812 1005 multi
838 965 947 1026 aquam
974 965 1028 1026 pro
1055 944 1148 1007 bene-

112 1031 253 1093 distione
275 1030 429 1109 bibebant,
451 1031 552 1115 &ego
575 1029 647 1095 bibl.
670 1031 721 1094 De
736 1031 817 1116 Syon
833 1053 905 1094 vero
921 1032 1013 1116 usque
1029 1033 1059 1095 in
1075 1033 1148 1096 basr-

112 1120 206 1183 licam
217 1119 329 1182 sanate
344 1119 447 1184 Marie
460 1121 511 1183 ubi
527 1120 569 1183 est
583 1123 781 1204 congregatio
803 1143 913 1204 magna
926 1122 1148 1184 monachorum

111 1231 145 1271 ac
167 1208 347 1286 mulierum,
371 1207 472 1270 mense
494 1209 740 1288 innumerabiles,
761 1209 839 1272 letto
860 1209 1059 1294 languentum
1081 1210 1148 1293 plus

108 1297 210 1359 minus
238 1299 295 1358 tria
319 1297 411 1361 milia
437 1296 478 1360 Et
503 1299 656 1361 oravimus
678 1299 708 1359 in
725 1300 859 1381 pretorio
882 1299 932 1361 ubi
959 1300 1079 1362 auditus
1104 1298 1148 1362 est

109 1383 281 1464 Dominus,
304 1387 449 1450 &modo
470 1385 513 1449 est
534 1384 656 1451 basilica
669 1386 779 1450 sancte
794 1387 917 1470 Sophie.
943 1389 1027 1449 Ante
1046 1387 1147 1450 ruinas

109 1473 215 1556 templi
243 1473 417 1540 Salomonis
444 1475 497 1538 sub
523 1476 623 1558 platea
646 1497 725 1559 aqua
749 1477 882 1539 decurrit
907 1497 925 1536 a
949 1476 1033 1538 sonte
1057 1475 1148 1558 Syloa

110 1562 192 1626 secus
215 1562 373 1646 porticum
389 1563 569 1627 Salomonis.
591 1561 627 1626 In
650 1563 713 1646 ipsa
732 1561 858 1627 ecclesia
879 1563 922 1626 est
942 1564 1025 1628 sedes
1041 1565 1071 1626 in
1087 1587 1148 1647 qua

109 1649 183 1712 sedit
205 1651 331 1735 Pylatus
352 1654 475 1734 quando
496 1653 613 1714 audivit
634 1651 818 1715 Dominum.
841 1653 929 1716 Petra
951 1669 1052 1716 autem
1074 1672 1149 1736 qua-

110 1739 265 1822 drangulis
281 1741 310 1802 in
326 1761 387 1823 qua
399 1760 467 1802 reus
482 1739 647 1818 levabatur,
668 1757 703 1802 ut
716 1741 754 1803 ab
775 1742 918 1806 omnibus
939 1743 1092 1805 audiretur
1118 1741 1149 1804 δι

111 1827 528 1908 videretur,inealevatusest
537 1828 1148 1915 DominusquandoaudituseslaPylato.

148 1914 259 2000 lbique
274 1914 414 1979 remansit
427 1937 549 1999 ymag0,
568 1919 645 1998 pede
661 1917 833 2000 pulchrum,
847 1921 1016 1999 modicum,
1030 1918 1146 1982 subtile.

112 2004 231 2067 Natura
252 2005 445 2082 communis,
470 2004 596 2087 pulchra
616 2005 725 2084 facies,
739 2005 851 2088 capillo
867 2006 1050 2071 subanelato.
1077 2006 1150 2071 Ma-

113 2115 184 2155 num
218 2094 391 2156 formosam.
422 2093 521 2176 Digiti
555 2091 649 2176 longi.
680 2092 844 2178 Quantum
876 2117 987 2180 ymago
1017 2093 1150 2180 designat

115 2205 171 2264 que
187 2182 277 2245 illum
289 2184 444 2244 viventem
459 2181 488 2243 δι
503 2182 631 2264 pedibus
642 2183 850 2246 ambulantem
862 2185 944 2266 pisse
954 2184 997 2247 est
1012 2185 1042 2249 δι
1056 2181 1163 2269 polita.

115 2273 142 2333 in
158 2271 221 2354 ipso
238 2272 381 2354 pretorio.
400 2270 485 2333 Nam
501 2272 538 2332 de
558 2270 620 2352 ipsa
636 2288 720 2354 petra
734 2271 829 2335 multe
843 2272 921 2336 fiunt
936 2275 1073 2353 virtutes,
1090 2274 1150 2336 tol-

114 2359 208 2423 lentes
231 2359 402 2422 mensuram
424 2361 462 2420 de
484 2358 545 2441 ipsa
565 2360 689 2442 vestigia
706 2359 845 2444 &ligant
869 2383 922 2444 per
936 2358 1069 2444 singulos
1085 2362 1150 2424 lan-

118 2470 201 2532 gores
222 2449 253 2513 St
270 2447 416 2512 sanantur.
438 2447 480 2510 Et
500 2447 562 2530 ipsa
584 2465 668 2531 petra
688 2447 795 2512 ornata
814 2472 852 2512 ex
874 2470 947 2512 auro
970 2451 1149 2534 &argento

119 2535 191 2600 lnde
206 2538 348 2600 venimus
362 2539 399 2599 ad
416 2557 518 2600 arcum
535 2538 585 2601 ubi
601 2538 659 2600 suit
672 2539 836 2622 antiquitas
850 2556 938 2621 porta
952 2541 1093 2602 civitatis.

155 2625 190 2689 In
212 2626 280 2710 ipso
302 2625 372 2688 loco
395 2624 461 2688 sunt
474 2647 552 2709 aque
568 2627 683 2709 putide,
698 2627 728 2689 in
744 2628 855 2710 quibus
869 2625 972 2691 missus
986 2628 1029 2690 est
1043 2629 1152 2691 Hiere-

121 2717 192 2779 mias
215 2716 375 2799 propheta.
398 2714 449 2777 Ab
470 2735 540 2776 arcu
566 2714 619 2776 illo
645 2715 897 2780 descendentibus
917 2716 1008 2780 nobis
1029 2739 1045 2780 a
1067 2718 1152 2781 sonte

123 2807 209 2890 Syloa
231 2825 286 2887 per
299 2804 409 2888 gradus
424 2803 547 2883 multos,
561 2803 604 2865 est
619 2805 660 2866 ibi
676 2801 796 2866 basilica
811 2804 964 2885 volubilis,
986 2806 1023 2867 de
1039 2805 1153 2890 subqua

123 2891 208 2976 surgit
223 2892 327 2976 Syloa,
348 2915 408 2976 que
422 2892 514 2954 habet
529 2891 601 2954 solia
615 2893 677 2955 duo
692 2913 729 2954 ex
744 2913 895 2954 marmore
910 2914 1002 2956 manu
1017 2895 1151 2957 hominis

123 2979 206 3060 facta,
233 2981 264 3045 dt
289 2983 369 3045 inter
393 2981 465 3045 solia
489 2980 623 3044 clausura
647 2981 863 3044 cancellorum.
891 2980 928 3045 In
957 2984 1067 3067 quibus
1095 3004 1150 3066 pro

124 3067 336 3135 benedistione
358 3073 388 3134 in
409 3093 505 3135 unum
527 3071 664 3134 lavantur
677 3071 743 3149 viri,
758 3072 789 3133 in
805 3071 898 3134 alium
913 3092 986 3134 vero
1001 3072 1151 3136 mulieres.

122 3153 155 3218 ln
177 3161 288 3242 quibus
311 3163 396 3245 aquis
418 3161 516 3223 multa
537 3159 745 3238 ostenduntur,
766 3162 862 3222 immo
884 3161 914 3224 δι
935 3160 1042 3244 leprosi
1063 3183 1152 3224 mun-

127 3249 241 3328 dantur,
266 3251 298 3313 &
323 3265 392 3313 ante
417 3251 528 3313 atrium
552 3249 595 3312 est
619 3248 733 3332 piscina
756 3251 877 3333 grandis
902 3271 994 3312 manu
1020 3251 1153 3314 hominis

127 3339 249 3417 munita,
259 3341 291 3403 in
304 3362 364 3422 qua
375 3339 512 3402 lavantur
525 3337 656 3421 populus
668 3337 787 3400 assidue.
803 3339 887 3401 Nam
899 3337 958 3402 illis
969 3340 1058 3404 certis
1070 3340 1153 3403 horis

124 3423 187 3488 solis
197 3428 264 3492 fons
278 3428 338 3511 ipse
351 3429 452 3512 irrigat
467 3449 559 3512 aquas
575 3427 684 3490 multas
700 3448 759 3511 que
771 3426 957 3489 descendunt
972 3447 1025 3511 per
1039 3428 1151 3491 vallem

124 3511 258 3599 losaphat
269 3540 330 3600 que
341 3517 370 3580 δι
383 3517 553 3582 Gethmani
566 3533 701 3594 vocatur,
712 3516 742 3579 δι
754 3517 964 3599 ingrediuntur
979 3517 1010 3579 in
1022 3515 1152 3581 Iordane

124 3601 222 3684 fluvio,
231 3607 285 3668 ubi
297 3604 433 3669 Iordanis
445 3605 547 3668 delicit
558 3607 589 3666 in
600 3625 684 3666 mare
696 3603 864 3667 Salinarum
877 3603 978 3670 subtus
986 3605 1152 3670 Sodomam

125 3691 362 3758 &Gomorram
387 3695 472 3758 Nam
488 3695 582 3756 modo
598 3692 627 3756 δι
642 3691 703 3776 ipse
718 3694 786 3757 sons
801 3692 892 3776 Syloa
907 3695 983 3757 infra
996 3697 1153 3759 civitatem

126 3781 249 3848 inclusus
260 3783 313 3862 est,
324 3784 395 3867 quia
404 3781 556 3862 Eudoxia,
566 3780 690 3865 augusta
700 3779 940 3845 uxorlustiniani
954 3784 1154 3867 imperatoris,

126 3871 235 3934 addidit
245 3893 349 3935 muros
360 3873 390 3934 in
399 3872 523 3935 civitate
530 3869 701 3949 Ierusalem,
713 3868 813 3952 &ipsa
819 3873 950 3934 munivit
959 3871 1151 3954 sepulchrum

128 3958 153 4020 δι
173 3957 323 4024 basilicam
344 3960 434 4023 tantu
451 3959 606 4042 Stephani,
627 3958 732 4042 &ipsa
746 3958 832 4020 suum
847 3960 948 4022 habet.
959 3960 1153 4044 sepulchrum

129 4044 206 4108 iuxta
219 4048 411 4132 sepulchrum
427 4047 518 4110 sanbli
534 4047 689 4129 Stephani.

164 4134 203 4198 Et
219 4138 297 4199 infra
317 4136 472 4218 sepulchra
493 4136 560 4199 sunt
580 4135 691 4220 gressus
712 4137 782 4220 xxvj
805 4136 836 4199 St
858 4136 963 4200 beatus
982 4137 1152 4220 Stephanus

129 4224 280 4306 requiescit
300 4225 373 4287 soris
395 4241 514 4306 portam
532 4224 635 4308 sagitte
657 4225 781 4287 iactum.
804 4224 876 4286 Una
897 4226 990 4286 modo
1013 4241 1101 4308 porta
1114 4247 1152 4288 ex

130 4313 246 4375 nomine
267 4309 359 4395 ipsius
379 4314 515 4396 martyris
536 4329 672 4391 vocatur,
692 4312 722 4375 δι
743 4313 786 4375 est
807 4313 843 4374 ad
859 4313 940 4376 viam
960 4334 1020 4395 que
1034 4311 1155 4394 respicit

131 4401 163 4459 ad
184 4401 374 4464 occidentem
399 4423 458 4483 que
476 4401 632 4464 descendit
651 4402 688 4466 ab
709 4397 786 4484 Iope
808 4400 985 4466 &Cesarea
1006 4398 1153 4464 Palestine
