<?xml version="1.0" encoding="UTF-8"?>
<!DOCTYPE html PUBLIC "-//W3C//DTD XHTML 1.0 Transitional//EN"
    "http://www.w3.org/TR/xhtml1/DTD/xhtml1-transitional.dtd">
<html xmlns="http://www.w3.org/1999/xhtml" xml:lang="en" lang="en">
 <head>
  <title>
</title>
<meta http-equiv="Content-Type" content="text/html;charset=utf-8" />
  <meta name='ocr-system' content='tesseract 3.04.00' />
  <meta name='ocr-capabilities' content='ocr_page ocr_carea ocr_par ocr_line ocrx_word'/>
</head>
<body>
  <div class='ocr_page' id='page_1' title='image "./itinerahierosol00berngoog_0129.png"; bbox 0 0 3390 5720; ppageno 0'>
   <div class='ocr_carea' id='block_1_1' title="bbox 506 551 1138 649">
    <p class='ocr_par' dir='ltr' id='par_1_1' title="bbox 506 551 1138 649">
     <span class='ocr_line' id='line_1_1' title="bbox 506 551 1138 649; baseline 0 -25"><span class='ocrx_word' id='word_1_1' title='bbox 506 551 554 649; x_wconf 85' lang='lat'>64</span> <span class='ocrx_word' id='word_1_2' title='bbox 902 573 1138 626; x_wconf 76' lang='lat' dir='ltr'>Turonosrus</span> 
     </span>
    </p>
   </div>
   <div class='ocr_carea' id='block_1_2' title="bbox 505 789 1536 1211">
    <p class='ocr_par' dir='ltr' id='par_1_2' title="bbox 505 789 1536 1211">
     <span class='ocr_line' id='line_1_2' title="bbox 505 789 1536 889; baseline 0.002 -26"><span class='ocrx_word' id='word_1_3' title='bbox 505 789 633 863; x_wconf 89' lang='lat' dir='ltr'>Christi.</span> <span class='ocrx_word' id='word_1_4' title='bbox 651 791 685 862; x_wconf 83' lang='lat' dir='ltr'>Et</span> <span class='ocrx_word' id='word_1_5' title='bbox 695 790 763 887; x_wconf 88' lang='lat' dir='ltr'>ipsa</span> <span class='ocrx_word' id='word_1_6' title='bbox 772 816 850 872; x_wconf 80' lang='lat' dir='ltr'>crux</span> <span class='ocrx_word' id='word_1_7' title='bbox 858 791 903 861; x_wconf 91' lang='lat' dir='ltr'>est</span> <span class='ocrx_word' id='word_1_8' title='bbox 914 789 955 862; x_wconf 94' lang='lat' dir='ltr'>de</span> <span class='ocrx_word' id='word_1_9' title='bbox 964 793 1238 889; x_wconf 86' lang='lat' dir='ltr'>auro&amp;gemmis</span> <span class='ocrx_word' id='word_1_10' title='bbox 1248 794 1536 884; x_wconf 64' lang='lat' dir='ltr'>omata&amp;celum</span> 
     </span>
     <span class='ocr_line' id='line_1_3' title="bbox 505 896 1536 996; baseline 0.004 -26"><span class='ocrx_word' id='word_1_11' title='bbox 505 897 642 996; x_wconf 86' lang='lat' dir='ltr'>desuper</span> <span class='ocrx_word' id='word_1_12' title='bbox 659 925 804 992; x_wconf 88' lang='lat' dir='ltr'>aureum,</span> <span class='ocrx_word' id='word_1_13' title='bbox 818 901 853 970; x_wconf 75' lang='grc' dir='ltr'>ἃ</span> <span class='ocrx_word' id='word_1_14' title='bbox 867 896 988 970; x_wconf 86' lang='lat' dir='ltr'>deforis</span> <span class='ocrx_word' id='word_1_15' title='bbox 1002 897 1101 971; x_wconf 89' lang='lat' dir='ltr'>habet</span> <span class='ocrx_word' id='word_1_16' title='bbox 1115 899 1306 971; x_wconf 91' lang='lat' dir='ltr'>cancellum.</span> <span class='ocrx_word' id='word_1_17' title='bbox 1333 897 1377 971; x_wconf 90' lang='lat' dir='ltr'>lbi</span> <span class='ocrx_word' id='word_1_18' title='bbox 1393 901 1439 972; x_wconf 86' lang='lat' dir='ltr'>est</span> <span class='ocrx_word' id='word_1_19' title='bbox 1455 901 1536 976; x_wconf 94' lang='lat' dir='ltr'>illud</span> 
     </span>
     <span class='ocr_line' id='line_1_4' title="bbox 505 1002 1536 1106; baseline 0.006 -30"><span class='ocrx_word' id='word_1_20' title='bbox 505 1003 698 1097; x_wconf 75' lang='lat' dir='ltr'><strong>missorium,</strong></span> <span class='ocrx_word' id='word_1_21' title='bbox 727 1002 782 1076; x_wconf 91' lang='lat' dir='ltr'>ubi</span> <span class='ocrx_word' id='word_1_22' title='bbox 810 1029 977 1103; x_wconf 90' lang='lat' dir='ltr'>portatum</span> <span class='ocrx_word' id='word_1_23' title='bbox 1009 1006 1070 1076; x_wconf 91' lang='lat' dir='ltr'>fuit</span> <span class='ocrx_word' id='word_1_24' title='bbox 1093 1031 1193 1102; x_wconf 85' lang='lat' dir='ltr'>caput</span> <span class='ocrx_word' id='word_1_25' title='bbox 1221 1006 1371 1078; x_wconf 86' lang='lat' dir='ltr'>lohannis</span> <span class='ocrx_word' id='word_1_26' title='bbox 1397 1010 1536 1106; x_wconf 88' lang='lat' dir='ltr'>Baptiste</span> 
     </span>
     <span class='ocr_line' id='line_1_5' title="bbox 505 1109 1536 1211; baseline 0.002 -29"><span class='ocrx_word' id='word_1_27' title='bbox 505 1135 581 1183; x_wconf 90' lang='lat' dir='ltr'>ante</span> <span class='ocrx_word' id='word_1_28' title='bbox 595 1110 766 1184; x_wconf 86' lang='lat' dir='ltr'>Herodem</span> <span class='ocrx_word' id='word_1_29' title='bbox 779 1139 902 1211; x_wconf 83' lang='lat' dir='ltr'>regem</span> <span class='ocrx_word' id='word_1_30' title='bbox 930 1111 964 1184; x_wconf 81' lang='lat' dir='ltr'>Et</span> <span class='ocrx_word' id='word_1_31' title='bbox 977 1109 1023 1183; x_wconf 90' lang='lat' dir='ltr'>ibi</span> <span class='ocrx_word' id='word_1_32' title='bbox 1040 1113 1085 1183; x_wconf 91' lang='lat' dir='ltr'>est</span> <span class='ocrx_word' id='word_1_33' title='bbox 1097 1139 1200 1184; x_wconf 86' lang='lat' dir='ltr'>cornu</span> <span class='ocrx_word' id='word_1_34' title='bbox 1214 1111 1304 1207; x_wconf 85' lang='lat' dir='ltr'>illud,</span> <span class='ocrx_word' id='word_1_35' title='bbox 1319 1113 1407 1186; x_wconf 90' lang='lat' dir='ltr'>unde</span> <span class='ocrx_word' id='word_1_36' title='bbox 1420 1117 1536 1187; x_wconf 77' lang='lat' dir='ltr'>undlus</span> 
     </span>
    </p>
   </div>
   <div class='ocr_carea' id='block_1_3' title="bbox 491 1218 1197 1319">
    <p class='ocr_par' dir='ltr' id='par_1_3' title="bbox 491 1218 1197 1319">
     <span class='ocr_line' id='line_1_6' title="bbox 491 1218 1197 1319; baseline 0.004 -27"><span class='ocrx_word' id='word_1_37' title='bbox 491 1221 550 1319; x_wconf 73' lang='lat' dir='ltr'>¹esl</span> <span class='ocrx_word' id='word_1_38' title='bbox 566 1218 686 1293; x_wconf 89' lang='lat' dir='ltr'>David.</span> <span class='ocrx_word' id='word_1_39' title='bbox 713 1218 748 1290; x_wconf 77' lang='lat' dir='ltr'>lit</span> <span class='ocrx_word' id='word_1_40' title='bbox 763 1219 808 1292; x_wconf 91' lang='lat' dir='ltr'>ibi</span> <span class='ocrx_word' id='word_1_41' title='bbox 826 1219 1000 1317; x_wconf 86' lang='lat' dir='ltr'>plasmatus</span> <span class='ocrx_word' id='word_1_42' title='bbox 1017 1221 1062 1292; x_wconf 92' lang='lat' dir='ltr'>est</span> <span class='ocrx_word' id='word_1_43' title='bbox 1078 1221 1197 1295; x_wconf 81' lang='lat' dir='ltr'>Adam.</span> 
     </span>
    </p>
   </div>
   <div class='ocr_carea' id='block_1_4' title="bbox 378 1325 1537 1427">
    <p class='ocr_par' dir='ltr' id='par_1_4' title="bbox 378 1325 1537 1427">
     <span class='ocr_line' id='line_1_7' title="bbox 378 1325 1537 1427; baseline 0.002 -28"><span class='ocrx_word' id='word_1_44' title='bbox 378 1372 386 1408; x_wconf 63' lang='lat'>1</span> <span class='ocrx_word' id='word_1_45' title='bbox 418 1393 423 1407; x_wconf 89' lang='grc'>,</span> <span class='ocrx_word' id='word_1_46' title='bbox 555 1329 607 1400; x_wconf 93' lang='lat' dir='ltr'>lV.</span> <span class='ocrx_word' id='word_1_47' title='bbox 634 1327 744 1398; x_wconf 89' lang='lat' dir='ltr'>Postea</span> <span class='ocrx_word' id='word_1_48' title='bbox 761 1329 860 1399; x_wconf 90' lang='lat' dir='ltr'>intras</span> <span class='ocrx_word' id='word_1_49' title='bbox 876 1328 910 1397; x_wconf 93' lang='lat' dir='ltr'>in</span> <span class='ocrx_word' id='word_1_50' title='bbox 927 1325 1102 1422; x_wconf 85' lang='lat' dir='ltr'>bafilicam,</span> <span class='ocrx_word' id='word_1_51' title='bbox 1124 1331 1159 1400; x_wconf 93' lang='lat' dir='ltr'>in</span> <span class='ocrx_word' id='word_1_52' title='bbox 1185 1335 1383 1427; x_wconf 78' lang='lat' dir='ltr'>Golgotltum,</span> <span class='ocrx_word' id='word_1_53' title='bbox 1410 1327 1467 1401; x_wconf 92' lang='lat' dir='ltr'>ubi</span> <span class='ocrx_word' id='word_1_54' title='bbox 1488 1331 1537 1401; x_wconf 91' lang='lat' dir='ltr'>in·</span> 
     </span>
    </p>
   </div>
   <div class='ocr_carea' id='block_1_5' title="bbox 505 1435 1542 2173">
    <p class='ocr_par' dir='ltr' id='par_1_5' title="bbox 505 1435 1542 2173">
     <span class='ocr_line' id='line_1_8' title="bbox 505 1435 1538 1534; baseline 0.002 -28"><span class='ocrx_word' id='word_1_55' title='bbox 505 1460 602 1507; x_wconf 87' lang='lat' dir='ltr'>vente</span> <span class='ocrx_word' id='word_1_56' title='bbox 618 1437 692 1509; x_wconf 93' lang='lat' dir='ltr'>sunt</span> <span class='ocrx_word' id='word_1_57' title='bbox 708 1461 770 1508; x_wconf 86' lang='lat' dir='ltr'>tres</span> <span class='ocrx_word' id='word_1_58' title='bbox 787 1463 897 1508; x_wconf 86' lang='lat' dir='ltr'>cruces</span> <span class='ocrx_word' id='word_1_59' title='bbox 915 1435 1114 1509; x_wconf 83' lang='lat' dir='ltr'>abscondite.</span> <span class='ocrx_word' id='word_1_60' title='bbox 1134 1437 1232 1525; x_wconf 89' lang='lat' dir='ltr'>(Sunt</span> <span class='ocrx_word' id='word_1_61' title='bbox 1244 1465 1367 1532; x_wconf 85' lang='lat' dir='ltr'>tamen,</span> <span class='ocrx_word' id='word_1_62' title='bbox 1382 1439 1438 1534; x_wconf 93' lang='lat' dir='ltr'>qui</span> <span class='ocrx_word' id='word_1_63' title='bbox 1452 1436 1538 1508; x_wconf 87' lang='lat' dir='ltr'>affir-</span> 
     </span>
     <span class='ocr_line' id='line_1_9' title="bbox 505 1547 1538 1644; baseline 0.004 -30"><span class='ocrx_word' id='word_1_64' title='bbox 505 1567 609 1636; x_wconf 87' lang='lat' dir='ltr'>mant,</span> <span class='ocrx_word' id='word_1_65' title='bbox 626 1567 753 1640; x_wconf 89' lang='lat' dir='ltr'>partem</span> <span class='ocrx_word' id='word_1_66' title='bbox 771 1571 921 1635; x_wconf 85' lang='lat' dir='ltr'>ornnem,</span> <span class='ocrx_word' id='word_1_67' title='bbox 943 1571 1006 1642; x_wconf 88' lang='lat' dir='ltr'>que</span> <span class='ocrx_word' id='word_1_68' title='bbox 1016 1570 1136 1641; x_wconf 82' lang='lat' dir='ltr'>corpus</span> <span class='ocrx_word' id='word_1_69' title='bbox 1156 1547 1294 1617; x_wconf 86' lang='lat' dir='ltr'>Domini</span> <span class='ocrx_word' id='word_1_70' title='bbox 1312 1547 1452 1644; x_wconf 86' lang='lat' dir='ltr'>contigit</span> <span class='ocrx_word' id='word_1_71' title='bbox 1478 1574 1538 1618; x_wconf 93' lang='lat' dir='ltr'>nu·</span> 
     </span>
     <span class='ocr_line' id='line_1_10' title="bbox 505 1647 1539 1749; baseline 0.004 -31"><span class='ocrx_word' id='word_1_72' title='bbox 505 1647 587 1722; x_wconf 91' lang='lat' dir='ltr'>dum</span> <span class='ocrx_word' id='word_1_73' title='bbox 603 1651 638 1720; x_wconf 87' lang='lat'>&amp;</span> <span class='ocrx_word' id='word_1_74' title='bbox 650 1650 807 1749; x_wconf 85' lang='lat' dir='ltr'>sanguine</span> <span class='ocrx_word' id='word_1_75' title='bbox 824 1652 911 1722; x_wconf 75' lang='lat' dir='ltr'>eius⁰</span> <span class='ocrx_word' id='word_1_76' title='bbox 929 1653 1028 1724; x_wconf 64' lang='lat' dir='ltr'>tincta</span> <span class='ocrx_word' id='word_1_77' title='bbox 1041 1653 1112 1745; x_wconf 86' lang='lat' dir='ltr'>fuit,</span> <span class='ocrx_word' id='word_1_78' title='bbox 1126 1649 1167 1722; x_wconf 89' lang='lat' dir='ltr'>ab</span> <span class='ocrx_word' id='word_1_79' title='bbox 1182 1656 1275 1725; x_wconf 89' lang='lat' dir='ltr'>omni</span> <span class='ocrx_word' id='word_1_80' title='bbox 1287 1652 1435 1724; x_wconf 89' lang='lat' dir='ltr'>humano</span> <span class='ocrx_word' id='word_1_81' title='bbox 1450 1658 1539 1724; x_wconf 74' lang='lat' dir='ltr'>tastu</span> 
     </span>
     <span class='ocr_line' id='line_1_11' title="bbox 506 1757 1540 1856; baseline 0.002 -28"><span class='ocrx_word' id='word_1_82' title='bbox 506 1781 604 1853; x_wconf 88' lang='lat' dir='ltr'>atque</span> <span class='ocrx_word' id='word_1_83' title='bbox 626 1758 805 1855; x_wconf 71' lang='lat' dir='ltr'>conspedlu</span> <span class='ocrx_word' id='word_1_84' title='bbox 831 1757 937 1828; x_wconf 87' lang='lat' dir='ltr'>statim</span> <span class='ocrx_word' id='word_1_85' title='bbox 954 1759 989 1826; x_wconf 95' lang='lat' dir='ltr'>in</span> <span class='ocrx_word' id='word_1_86' title='bbox 1006 1758 1114 1830; x_wconf 87' lang='lat' dir='ltr'>celum</span> <span class='ocrx_word' id='word_1_87' title='bbox 1130 1783 1257 1856; x_wconf 87' lang='lat' dir='ltr'>raptam</span> <span class='ocrx_word' id='word_1_88' title='bbox 1279 1758 1372 1831; x_wconf 79' lang='lat' dir='ltr'>fuisse</span> <span class='ocrx_word' id='word_1_89' title='bbox 1398 1785 1540 1856; x_wconf 88' lang='lat' dir='ltr'>eamque</span> 
     </span>
     <span class='ocr_line' id='line_1_12' title="bbox 506 1862 1540 1963; baseline 0.004 -29"><span class='ocrx_word' id='word_1_90' title='bbox 506 1862 644 1936; x_wconf 87' lang='lat' dir='ltr'>demum</span> <span class='ocrx_word' id='word_1_91' title='bbox 659 1866 694 1936; x_wconf 88' lang='lat' dir='ltr'>in</span> <span class='ocrx_word' id='word_1_92' title='bbox 705 1864 827 1936; x_wconf 90' lang='lat' dir='ltr'>iudicio</span> <span class='ocrx_word' id='word_1_93' title='bbox 841 1865 1073 1962; x_wconf 83' lang='lat' dir='ltr'>apparituram.</span> <span class='ocrx_word' id='word_1_94' title='bbox 1100 1865 1134 1936; x_wconf 79' lang='lat' dir='ltr'>lit</span> <span class='ocrx_word' id='word_1_95' title='bbox 1146 1891 1244 1959; x_wconf 85' lang='lat' dir='ltr'>nota,</span> <span class='ocrx_word' id='word_1_96' title='bbox 1257 1866 1349 1963; x_wconf 93' lang='lat' dir='ltr'>quod</span> <span class='ocrx_word' id='word_1_97' title='bbox 1368 1866 1540 1940; x_wconf 85' lang='lat' dir='ltr'>Ierusalem</span> 
     </span>
     <span class='ocr_line' id='line_1_13' title="bbox 506 1969 1542 2071; baseline 0.002 -29"><span class='ocrx_word' id='word_1_98' title='bbox 506 1969 598 2042; x_wconf 82' lang='lat' dir='ltr'>vallis</span> <span class='ocrx_word' id='word_1_99' title='bbox 612 1969 774 2044; x_wconf 78' lang='lat' dir='ltr'>invisionis</span> <span class='ocrx_word' id='word_1_100' title='bbox 788 1969 934 2043; x_wconf 58' lang='lat' dir='ltr'>diciturst</span> <span class='ocrx_word' id='word_1_101' title='bbox 954 1973 1058 2044; x_wconf 78' lang='lat' dir='ltr'>locus</span> <span class='ocrx_word' id='word_1_102' title='bbox 1074 1973 1241 2044; x_wconf 90' lang='lat' dir='ltr'>lerusalem</span> <span class='ocrx_word' id='word_1_103' title='bbox 1254 1971 1296 2045; x_wconf 92' lang='lat' dir='ltr'>ab</span> <span class='ocrx_word' id='word_1_104' title='bbox 1315 1973 1390 2046; x_wconf 85' lang='lat' dir='ltr'>lsaia</span> <span class='ocrx_word' id='word_1_105' title='bbox 1403 1999 1542 2071; x_wconf 91' lang='lat' dir='ltr'>propter</span> 
     </span>
     <span class='ocr_line' id='line_1_14' title="bbox 507 2078 1542 2173; baseline 0.003 -26"><span class='ocrx_word' id='word_1_106' title='bbox 507 2079 723 2151; x_wconf 88' lang='lat' dir='ltr'>eminentiam</span> <span class='ocrx_word' id='word_1_107' title='bbox 736 2080 912 2169; x_wconf 87' lang='lat' dir='ltr'>montium,</span> <span class='ocrx_word' id='word_1_108' title='bbox 927 2078 961 2148; x_wconf 94' lang='lat' dir='ltr'>in</span> <span class='ocrx_word' id='word_1_109' title='bbox 976 2104 1118 2173; x_wconf 90' lang='lat' dir='ltr'>quorum</span> <span class='ocrx_word' id='word_1_110' title='bbox 1129 2079 1258 2150; x_wconf 88' lang='lat' dir='ltr'>summo</span> <span class='ocrx_word' id='word_1_111' title='bbox 1272 2080 1317 2150; x_wconf 91' lang='lat' dir='ltr'>est</span> <span class='ocrx_word' id='word_1_112' title='bbox 1328 2079 1542 2171; x_wconf 78' lang='lat' dir='ltr'>monticulus,</span> 
     </span>
    </p>
   </div>
   <div class='ocr_carea' id='block_1_6' title="bbox 341 2184 1543 2281">
    <p class='ocr_par' dir='ltr' id='par_1_6' title="bbox 341 2184 1543 2281">
     <span class='ocr_line' id='line_1_15' title="bbox 341 2184 1543 2281; baseline 0.002 -27"><span class='ocrx_word' id='word_1_113' title='bbox 341 2207 378 2255; x_wconf 69' lang='lat' dir='ltr'>rt..</span> <span class='ocrx_word' id='word_1_114' title='bbox 508 2187 628 2258; x_wconf 70' lang='lat' dir='ltr'>‹Jrsoricr</span> <span class='ocrx_word' id='word_1_115' title='bbox 653 2184 769 2278; x_wconf 66' lang='lat' dir='ltr'>didius,</span> <span class='ocrx_word' id='word_1_116' title='bbox 795 2188 829 2256; x_wconf 91' lang='lat' dir='ltr'>in</span> <span class='ocrx_word' id='word_1_117' title='bbox 855 2211 921 2281; x_wconf 95' lang='lat' dir='ltr'>quo</span> <span class='ocrx_word' id='word_1_118' title='bbox 949 2184 1117 2258; x_wconf 76' lang='lat' dir='ltr'>Abraham</span> <span class='ocrx_word' id='word_1_119' title='bbox 1141 2187 1327 2259; x_wconf 84' lang='lat' dir='ltr'>immolavit</span> <span class='ocrx_word' id='word_1_120' title='bbox 1351 2187 1457 2257; x_wconf 88' lang='lat' dir='ltr'>lsaac:</span> <span class='ocrx_word' id='word_1_121' title='bbox 1484 2185 1543 2258; x_wconf 93' lang='lat' dir='ltr'>ubi</span> 
     </span>
    </p>
   </div>
   <div class='ocr_carea' id='block_1_7' title="bbox 507 2290 1546 4214">
    <p class='ocr_par' dir='ltr' id='par_1_7' title="bbox 507 2290 1543 2926">
     <span class='ocr_line' id='line_1_16' title="bbox 509 2290 1542 2390; baseline 0.003 -29"><span class='ocrx_word' id='word_1_122' title='bbox 509 2290 597 2362; x_wconf 90' lang='lat' dir='ltr'>ludei</span> <span class='ocrx_word' id='word_1_123' title='bbox 616 2291 748 2366; x_wconf 91' lang='lat' dir='ltr'>tradunt</span> <span class='ocrx_word' id='word_1_124' title='bbox 765 2294 839 2390; x_wconf 89' lang='lat' dir='ltr'>post</span> <span class='ocrx_word' id='word_1_125' title='bbox 857 2293 1020 2390; x_wconf 89' lang='lat' dir='ltr'>templum</span> <span class='ocrx_word' id='word_1_126' title='bbox 1038 2293 1160 2366; x_wconf 71' lang='lat' dir='ltr'>saslum</span> <span class='ocrx_word' id='word_1_127' title='bbox 1178 2297 1213 2364; x_wconf 67' lang='grc' dir='ltr'>ὅ(</span> <span class='ocrx_word' id='word_1_128' title='bbox 1228 2294 1337 2386; x_wconf 87' lang='lat' dir='ltr'>altare,</span> <span class='ocrx_word' id='word_1_129' title='bbox 1359 2296 1392 2364; x_wconf 94' lang='lat' dir='ltr'>in</span> <span class='ocrx_word' id='word_1_130' title='bbox 1418 2318 1486 2390; x_wconf 92' lang='lat' dir='ltr'>quo</span> <span class='ocrx_word' id='word_1_131' title='bbox 1505 2296 1542 2364; x_wconf 76' lang='grc' dir='ltr'>δι</span> 
     </span>
     <span class='ocr_line' id='line_1_17' title="bbox 507 2391 1543 2499; baseline 0.001 -29"><span class='ocrx_word' id='word_1_132' title='bbox 507 2397 675 2472; x_wconf 81' lang='lat' dir='ltr'>Abraham</span> <span class='ocrx_word' id='word_1_133' title='bbox 689 2402 767 2473; x_wconf 82' lang='lat' dir='ltr'>fecit</span> <span class='ocrx_word' id='word_1_134' title='bbox 780 2401 923 2474; x_wconf 88' lang='lat' dir='ltr'>altare&amp;</span> <span class='ocrx_word' id='word_1_135' title='bbox 936 2400 1046 2474; x_wconf 88' lang='lat' dir='ltr'>David</span> <span class='ocrx_word' id='word_1_136' title='bbox 1058 2401 1140 2476; x_wconf 88' lang='lat' dir='ltr'>vidit</span> <span class='ocrx_word' id='word_1_137' title='bbox 1153 2401 1308 2499; x_wconf 85' lang='lat' dir='ltr'>angelum</span> <span class='ocrx_word' id='word_1_138' title='bbox 1320 2391 1543 2498; x_wconf 82' lang='lat' dir='ltr'>reponentem</span> 
     </span>
     <span class='ocr_line' id='line_1_18' title="bbox 507 2506 1543 2606; baseline -0.003 -28"><span class='ocrx_word' id='word_1_139' title='bbox 507 2506 655 2606; x_wconf 80' lang='lat' dir='ltr'>gladium</span> <span class='ocrx_word' id='word_1_140' title='bbox 672 2510 705 2579; x_wconf 91' lang='lat' dir='ltr'>in</span> <span class='ocrx_word' id='word_1_141' title='bbox 722 2525 815 2580; x_wconf 80' lang='lat' dir='ltr'>area‘</span> <span class='ocrx_word' id='word_1_142' title='bbox 833 2535 938 2582; x_wconf 85' lang='lat' dir='ltr'>ornan</span> <span class='ocrx_word' id='word_1_143' title='bbox 954 2507 1086 2598; x_wconf 90' lang='lat' dir='ltr'>lebusei,</span> <span class='ocrx_word' id='word_1_144' title='bbox 1102 2507 1143 2580; x_wconf 92' lang='lat' dir='ltr'>de</span> <span class='ocrx_word' id='word_1_145' title='bbox 1162 2535 1230 2606; x_wconf 93' lang='lat' dir='ltr'>quo</span> <span class='ocrx_word' id='word_1_146' title='bbox 1248 2509 1328 2582; x_wconf 88' lang='lat' dir='ltr'>dixit</span> <span class='ocrx_word' id='word_1_147' title='bbox 1346 2510 1457 2581; x_wconf 80' lang='lat' dir='ltr'>lsaias:</span> <span class='ocrx_word' id='word_1_148' title='bbox 1474 2511 1543 2578; x_wconf 79' lang='lat' dir='ltr'>Erit</span> 
     </span>
     <span class='ocr_line' id='line_1_19' title="bbox 507 2615 1543 2713; baseline 0 -29"><span class='ocrx_word' id='word_1_149' title='bbox 507 2644 590 2687; x_wconf 87' lang='lat' dir='ltr'>mons</span> <span class='ocrx_word' id='word_1_150' title='bbox 605 2623 634 2688; x_wconf 84' lang='lat' dir='ltr'>t’n</span> <span class='ocrx_word' id='word_1_151' title='bbox 645 2624 754 2688; x_wconf 83' lang='lat' dir='ltr'>vertice</span> <span class='ocrx_word' id='word_1_152' title='bbox 766 2624 921 2706; x_wconf 83' lang='lat' dir='ltr'>montium,</span> <span class='ocrx_word' id='word_1_153' title='bbox 936 2621 977 2688; x_wconf 84' lang='lat' dir='ltr'>ad</span> <span class='ocrx_word' id='word_1_154' title='bbox 986 2646 1051 2688; x_wconf 83' lang='lat' dir='ltr'>eum</span> <span class='ocrx_word' id='word_1_155' title='bbox 1059 2615 1174 2711; x_wconf 78' lang='lat' dir='ltr'>fluuntd</span> <span class='ocrx_word' id='word_1_156' title='bbox 1189 2645 1289 2691; x_wconf 83' lang='lat' dir='ltr'>omnes</span> <span class='ocrx_word' id='word_1_157' title='bbox 1301 2644 1412 2713; x_wconf 81' lang='lat' dir='ltr'>gentes.</span> <span class='ocrx_word' id='word_1_158' title='bbox 1433 2619 1543 2687; x_wconf 79' lang='lat' dir='ltr'>Omnis</span> 
     </span>
     <span class='ocr_line' id='line_1_20' title="bbox 507 2721 1543 2823; baseline 0.002 -31"><span class='ocrx_word' id='word_1_159' title='bbox 507 2730 586 2794; x_wconf 83' lang='lat' dir='ltr'>enim</span> <span class='ocrx_word' id='word_1_160' title='bbox 595 2727 681 2820; x_wconf 71' lang='lat' dir='ltr'>secla</span> <span class='ocrx_word' id='word_1_161' title='bbox 694 2727 835 2820; x_wconf 84' lang='lat' dir='ltr'>templum</span> <span class='ocrx_word' id='word_1_162' title='bbox 851 2729 966 2796; x_wconf 82' lang='lat' dir='ltr'>adorat.</span> <span class='ocrx_word' id='word_1_163' title='bbox 996 2722 1040 2795; x_wconf 93' lang='lat' dir='ltr'>lbi</span> <span class='ocrx_word' id='word_1_164' title='bbox 1058 2751 1192 2823; x_wconf 90' lang='lat' dir='ltr'>quoque</span> <span class='ocrx_word' id='word_1_165' title='bbox 1207 2724 1288 2798; x_wconf 88' lang='lat' dir='ltr'>vidit</span> <span class='ocrx_word' id='word_1_166' title='bbox 1301 2721 1395 2796; x_wconf 88' lang='lat' dir='ltr'>lacob</span> <span class='ocrx_word' id='word_1_167' title='bbox 1408 2722 1543 2814; x_wconf 86' lang='lat' dir='ltr'>scalam,</span> 
     </span>
     <span class='ocr_line' id='line_1_21' title="bbox 507 2828 1021 2926; baseline -0.008 -24"><span class='ocrx_word' id='word_1_168' title='bbox 507 2828 595 2902; x_wconf 91' lang='lat' dir='ltr'>unde</span> <span class='ocrx_word' id='word_1_169' title='bbox 611 2829 722 2902; x_wconf 89' lang='lat' dir='ltr'>Bethel</span> <span class='ocrx_word' id='word_1_170' title='bbox 739 2829 881 2926; x_wconf 90' lang='lat' dir='ltr'>dicitur.)</span> <span class='ocrx_word' id='word_1_171' title='bbox 1016 2876 1021 2898; x_wconf 87' lang='lat'>.</span> 
     </span>
    </p>

    <p class='ocr_par' dir='ltr' id='par_1_8' title="bbox 507 2935 1546 3462">
     <span class='ocr_line' id='line_1_22' title="bbox 555 2935 1543 3038; baseline 0.001 -31"><span class='ocrx_word' id='word_1_172' title='bbox 555 2935 590 3009; x_wconf 74' lang='lat' dir='ltr'>tt</span> <span class='ocrx_word' id='word_1_173' title='bbox 602 2937 647 3009; x_wconf 89' lang='lat' dir='ltr'>est</span> <span class='ocrx_word' id='word_1_174' title='bbox 659 2935 704 3008; x_wconf 93' lang='lat' dir='ltr'>ibi</span> <span class='ocrx_word' id='word_1_175' title='bbox 717 2937 817 3008; x_wconf 88' lang='lat' dir='ltr'>altare</span> <span class='ocrx_word' id='word_1_176' title='bbox 828 2936 868 3008; x_wconf 91' lang='lat' dir='ltr'>de</span> <span class='ocrx_word' id='word_1_177' title='bbox 884 2964 964 3009; x_wconf 87' lang='lat' dir='ltr'>auro</span> <span class='ocrx_word' id='word_1_178' title='bbox 976 2941 1011 3009; x_wconf 69' lang='grc' dir='ltr'>δι</span> <span class='ocrx_word' id='word_1_179' title='bbox 1023 2965 1172 3038; x_wconf 86' lang='lat' dir='ltr'>argento.</span> <span class='ocrx_word' id='word_1_180' title='bbox 1198 2939 1234 3012; x_wconf 82' lang='lat' dir='ltr'>Et</span> <span class='ocrx_word' id='word_1_181' title='bbox 1250 2937 1349 3012; x_wconf 89' lang='lat' dir='ltr'>habet</span> <span class='ocrx_word' id='word_1_182' title='bbox 1367 2939 1543 3010; x_wconf 84' lang='lat' dir='ltr'>columnas</span> 
     </span>
     <span class='ocr_line' id='line_1_23' title="bbox 507 3041 1544 3140; baseline -0.002 -25"><span class='ocrx_word' id='word_1_183' title='bbox 507 3070 630 3117; x_wconf 87' lang='lat' dir='ltr'>novem</span> <span class='ocrx_word' id='word_1_184' title='bbox 647 3069 770 3137; x_wconf 84' lang='lat' dir='ltr'>aureas,</span> <span class='ocrx_word' id='word_1_185' title='bbox 789 3070 852 3140; x_wconf 89' lang='lat' dir='ltr'>que</span> <span class='ocrx_word' id='word_1_186' title='bbox 869 3044 1021 3116; x_wconf 90' lang='lat' dir='ltr'>sustinent</span> <span class='ocrx_word' id='word_1_187' title='bbox 1038 3045 1116 3118; x_wconf 93' lang='lat' dir='ltr'>illud</span> <span class='ocrx_word' id='word_1_188' title='bbox 1134 3047 1242 3120; x_wconf 88' lang='lat' dir='ltr'>altare.</span> <span class='ocrx_word' id='word_1_189' title='bbox 1269 3045 1303 3118; x_wconf 77' lang='lat' dir='ltr'>lit</span> <span class='ocrx_word' id='word_1_190' title='bbox 1316 3047 1361 3118; x_wconf 88' lang='lat' dir='ltr'>est</span> <span class='ocrx_word' id='word_1_191' title='bbox 1377 3048 1412 3116; x_wconf 92' lang='lat' dir='ltr'>in</span> <span class='ocrx_word' id='word_1_192' title='bbox 1430 3041 1544 3116; x_wconf 88' lang='lat' dir='ltr'>media</span> 
     </span>
     <span class='ocr_line' id='line_1_24' title="bbox 509 3148 1544 3251; baseline 0 -30"><span class='ocrx_word' id='word_1_193' title='bbox 509 3148 635 3223; x_wconf 82' lang='lat' dir='ltr'>basilica</span> <span class='ocrx_word' id='word_1_194' title='bbox 645 3151 771 3245; x_wconf 89' lang='lat' dir='ltr'>lancea,</span> <span class='ocrx_word' id='word_1_195' title='bbox 785 3151 873 3224; x_wconf 93' lang='lat' dir='ltr'>unde</span> <span class='ocrx_word' id='word_1_196' title='bbox 887 3151 1051 3251; x_wconf 89' lang='lat' dir='ltr'>percussus</span> <span class='ocrx_word' id='word_1_197' title='bbox 1062 3155 1122 3226; x_wconf 87' lang='lat' dir='ltr'>fuit</span> <span class='ocrx_word' id='word_1_198' title='bbox 1129 3155 1295 3226; x_wconf 86' lang='lat' dir='ltr'>Dominus</span> <span class='ocrx_word' id='word_1_199' title='bbox 1305 3153 1386 3225; x_wconf 87' lang='lat' dir='ltr'>lesus</span> <span class='ocrx_word' id='word_1_200' title='bbox 1396 3151 1544 3225; x_wconf 85' lang='lat' dir='ltr'>Christus</span> 
     </span>
     <span class='ocr_line' id='line_1_25' title="bbox 509 3255 1546 3357; baseline -0.001 -28"><span class='ocrx_word' id='word_1_201' title='bbox 509 3260 542 3329; x_wconf 91' lang='lat' dir='ltr'>in</span> <span class='ocrx_word' id='word_1_202' title='bbox 565 3259 648 3330; x_wconf 89' lang='lat' dir='ltr'>latus</span> <span class='ocrx_word' id='word_1_203' title='bbox 675 3258 776 3331; x_wconf 92' lang='lat' dir='ltr'>suum.</span> <span class='ocrx_word' id='word_1_204' title='bbox 803 3261 838 3331; x_wconf 78' lang='lat' dir='ltr'>lit</span> <span class='ocrx_word' id='word_1_205' title='bbox 862 3258 904 3332; x_wconf 92' lang='lat' dir='ltr'>de</span> <span class='ocrx_word' id='word_1_206' title='bbox 921 3261 989 3357; x_wconf 92' lang='lat' dir='ltr'>ipsa</span> <span class='ocrx_word' id='word_1_207' title='bbox 1014 3261 1128 3333; x_wconf 90' lang='lat' dir='ltr'>lancea</span> <span class='ocrx_word' id='word_1_208' title='bbox 1153 3262 1238 3334; x_wconf 71' lang='lat' dir='ltr'>fassa</span> <span class='ocrx_word' id='word_1_209' title='bbox 1261 3261 1305 3332; x_wconf 84' lang='lat' dir='ltr'>est</span> <span class='ocrx_word' id='word_1_210' title='bbox 1331 3285 1420 3349; x_wconf 84' lang='lat' dir='ltr'>crux,</span> <span class='ocrx_word' id='word_1_211' title='bbox 1445 3261 1480 3330; x_wconf 68' lang='grc' dir='ltr'>ὅ(</span> <span class='ocrx_word' id='word_1_212' title='bbox 1501 3255 1546 3328; x_wconf 88' lang='lat' dir='ltr'>stc</span> 
     </span>
     <span class='ocr_line' id='line_1_26' title="bbox 509 3364 1173 3462; baseline 0.002 -27"><span class='ocrx_word' id='word_1_213' title='bbox 509 3365 596 3438; x_wconf 92' lang='lat' dir='ltr'>lucet</span> <span class='ocrx_word' id='word_1_214' title='bbox 613 3389 671 3462; x_wconf 89' lang='lat' dir='ltr'>pet</span> <span class='ocrx_word' id='word_1_215' title='bbox 690 3371 824 3438; x_wconf 68' lang='lat' dir='ltr'>nostem</span> <span class='ocrx_word' id='word_1_216' title='bbox 842 3364 919 3438; x_wconf 81' lang='lat' dir='ltr'>sicut</span> <span class='ocrx_word' id='word_1_217' title='bbox 936 3365 984 3437; x_wconf 92' lang='lat' dir='ltr'>sol</span> <span class='ocrx_word' id='word_1_218' title='bbox 999 3391 1057 3462; x_wconf 92' lang='lat' dir='ltr'>per</span> <span class='ocrx_word' id='word_1_219' title='bbox 1076 3365 1173 3440; x_wconf 90' lang='lat' dir='ltr'>diem.</span> 
     </span>
    </p>

    <p class='ocr_par' dir='ltr' id='par_1_9' title="bbox 511 3469 1544 3672">
     <span class='ocr_line' id='line_1_27' title="bbox 557 3469 1544 3572; baseline -0.003 -28"><span class='ocrx_word' id='word_1_220' title='bbox 557 3474 610 3544; x_wconf 92' lang='lat' dir='ltr'>De</span> <span class='ocrx_word' id='word_1_221' title='bbox 631 3472 783 3546; x_wconf 86' lang='lat' dir='ltr'>Calvarie</span> <span class='ocrx_word' id='word_1_222' title='bbox 808 3473 887 3544; x_wconf 90' lang='lat' dir='ltr'>loco</span> <span class='ocrx_word' id='word_1_223' title='bbox 912 3473 1011 3568; x_wconf 91' lang='lat' dir='ltr'>usque</span> <span class='ocrx_word' id='word_1_224' title='bbox 1039 3473 1074 3543; x_wconf 92' lang='lat' dir='ltr'>in</span> <span class='ocrx_word' id='word_1_225' title='bbox 1098 3473 1308 3572; x_wconf 85' lang='lat' dir='ltr'>Golgotham</span> <span class='ocrx_word' id='word_1_226' title='bbox 1331 3469 1441 3568; x_wconf 85' lang='lat' dir='ltr'>passus</span> <span class='ocrx_word' id='word_1_227' title='bbox 1469 3471 1544 3542; x_wconf 90' lang='lat' dir='ltr'>sunt</span> 
     </span>
     <span class='ocr_line' id='line_1_28' title="bbox 511 3578 1279 3672; baseline 0 -20"><span class='ocrx_word' id='word_1_228' title='bbox 511 3605 651 3652; x_wconf 89' lang='lat' dir='ltr'>numero</span> <span class='ocrx_word' id='word_1_229' title='bbox 670 3601 732 3672; x_wconf 75' lang='lat' dir='ltr'>XV,</span> <span class='ocrx_word' id='word_1_230' title='bbox 749 3578 806 3652; x_wconf 91' lang='lat' dir='ltr'>ubi</span> <span class='ocrx_word' id='word_1_231' title='bbox 825 3605 902 3652; x_wconf 83' lang='lat' dir='ltr'>crux</span> <span class='ocrx_word' id='word_1_232' title='bbox 918 3581 1057 3651; x_wconf 89' lang='lat' dir='ltr'>Domini</span> <span class='ocrx_word' id='word_1_233' title='bbox 1073 3582 1208 3653; x_wconf 87' lang='lat' dir='ltr'>inventa</span> <span class='ocrx_word' id='word_1_234' title='bbox 1226 3581 1279 3652; x_wconf 88' lang='lat' dir='ltr'>est.</span> 
     </span>
    </p>

    <p class='ocr_par' dir='ltr' id='par_1_10' title="bbox 509 3683 1544 4105">
     <span class='ocr_line' id='line_1_29' title="bbox 558 3683 1543 3784; baseline -0.002 -26"><span class='ocrx_word' id='word_1_235' title='bbox 558 3687 600 3759; x_wconf 90' lang='lat' dir='ltr'>V.</span> <span class='ocrx_word' id='word_1_236' title='bbox 627 3692 759 3758; x_wconf 79' lang='lat' dir='ltr'>Intentio</span> <span class='ocrx_word' id='word_1_237' title='bbox 768 3691 877 3782; x_wconf 74' lang='lat' dir='ltr'>sande</span> <span class='ocrx_word' id='word_1_238' title='bbox 893 3691 999 3758; x_wconf 85' lang='lat' dir='ltr'>crucis.</span> <span class='ocrx_word' id='word_1_239' title='bbox 1027 3686 1175 3784; x_wconf 76' lang='lat' dir='ltr'>Qando</span> <span class='ocrx_word' id='word_1_240' title='bbox 1193 3687 1327 3760; x_wconf 90' lang='lat' dir='ltr'>inventa</span> <span class='ocrx_word' id='word_1_241' title='bbox 1344 3685 1389 3756; x_wconf 86' lang='lat' dir='ltr'>est</span> <span class='ocrx_word' id='word_1_242' title='bbox 1413 3683 1456 3758; x_wconf 87' lang='lat' dir='ltr'>ab</span> <span class='ocrx_word' id='word_1_243' title='bbox 1474 3685 1543 3756; x_wconf 84' lang='lat' dir='ltr'>He-</span> 
     </span>
     <span class='ocr_line' id='line_1_30' title="bbox 509 3788 1544 3890; baseline -0.002 -26"><span class='ocrx_word' id='word_1_244' title='bbox 509 3791 594 3885; x_wconf 86' lang='lat' dir='ltr'>lena,</span> <span class='ocrx_word' id='word_1_245' title='bbox 612 3817 716 3865; x_wconf 85' lang='lat' dir='ltr'>matre</span> <span class='ocrx_word' id='word_1_246' title='bbox 732 3793 952 3890; x_wconf 69' lang='lat' dir='ltr'>Constantini,</span> <span class='ocrx_word' id='word_1_247' title='bbox 970 3793 1034 3885; x_wconf 83' lang='lat' dir='ltr'>xvij</span> <span class='ocrx_word' id='word_1_248' title='bbox 1052 3793 1114 3866; x_wconf 87' lang='lat' dir='ltr'>kal.</span> <span class='ocrx_word' id='word_1_249' title='bbox 1133 3788 1308 3882; x_wconf 58' lang='lat' dir='ltr'>ostobrisf</span> <span class='ocrx_word' id='word_1_250' title='bbox 1338 3817 1396 3888; x_wconf 91' lang='lat' dir='ltr'>per</span> <span class='ocrx_word' id='word_1_251' title='bbox 1416 3792 1544 3890; x_wconf 84' lang='lat' dir='ltr'>septem</span> 
     </span>
     <span class='ocr_line' id='line_1_31' title="bbox 510 3896 1544 3998; baseline -0.003 -26"><span class='ocrx_word' id='word_1_252' title='bbox 510 3899 579 3973; x_wconf 83' lang='lat' dir='ltr'>dies</span> <span class='ocrx_word' id='word_1_253' title='bbox 598 3901 631 3973; x_wconf 94' lang='lat' dir='ltr'>in</span> <span class='ocrx_word' id='word_1_254' title='bbox 650 3901 853 3972; x_wconf 84' lang='lat' dir='ltr'>Hierusalem</span> <span class='ocrx_word' id='word_1_255' title='bbox 870 3897 912 3972; x_wconf 90' lang='lat' dir='ltr'>ad</span> <span class='ocrx_word' id='word_1_256' title='bbox 932 3901 1078 3972; x_wconf 66' lang='lat' dir='ltr'>santium</span> <span class='ocrx_word' id='word_1_257' title='bbox 1095 3899 1276 3998; x_wconf 86' lang='lat' dir='ltr'>sepulcrum</span> <span class='ocrx_word' id='word_1_258' title='bbox 1292 3899 1432 3972; x_wconf 88' lang='lat' dir='ltr'>Domini</span> <span class='ocrx_word' id='word_1_259' title='bbox 1449 3896 1544 3970; x_wconf 90' lang='lat' dir='ltr'>mille</span> 
     </span>
     <span class='ocr_line' id='line_1_32' title="bbox 511 4005 1162 4105; baseline -0.002 -25"><span class='ocrx_word' id='word_1_260' title='bbox 511 4006 725 4101; x_wconf 86' lang='lat' dir='ltr'>celebrantur,</span> <span class='ocrx_word' id='word_1_261' title='bbox 744 4008 864 4105; x_wconf 87' lang='lat' dir='ltr'>&amp;ipsa</span> <span class='ocrx_word' id='word_1_262' title='bbox 882 4033 959 4082; x_wconf 87' lang='lat' dir='ltr'>crux</span> <span class='ocrx_word' id='word_1_263' title='bbox 976 4005 1162 4080; x_wconf 84' lang='lat' dir='ltr'>ostenditur.</span> 
     </span>
    </p>

    <p class='ocr_par' dir='ltr' id='par_1_11' title="bbox 557 4112 1544 4214">
     <span class='ocr_line' id='line_1_33' title="bbox 557 4112 1544 4214; baseline -0.005 -26"><span class='ocrx_word' id='word_1_264' title='bbox 557 4118 611 4189; x_wconf 92' lang='lat' dir='ltr'>Vl.</span> <span class='ocrx_word' id='word_1_265' title='bbox 638 4118 690 4187; x_wconf 91' lang='lat' dir='ltr'>De</span> <span class='ocrx_word' id='word_1_266' title='bbox 703 4115 877 4214; x_wconf 84' lang='lat' dir='ltr'>Golgotha</span> <span class='ocrx_word' id='word_1_267' title='bbox 888 4117 987 4212; x_wconf 92' lang='lat' dir='ltr'>usque</span> <span class='ocrx_word' id='word_1_268' title='bbox 1000 4114 1186 4210; x_wconf 72' lang='lat' dir='ltr'>adstuduit</span> <span class='ocrx_word' id='word_1_269' title='bbox 1200 4119 1223 4184; x_wconf 84' lang='lat' dir='ltr'><em>S</em></span> <span class='ocrx_word' id='word_1_270' title='bbox 1225 4121 1287 4204; x_wconf 89' lang='lat' dir='ltr'>r&#39;on,</span> <span class='ocrx_word' id='word_1_271' title='bbox 1304 4139 1368 4211; x_wconf 88' lang='lat' dir='ltr'>que</span> <span class='ocrx_word' id='word_1_272' title='bbox 1381 4112 1426 4185; x_wconf 88' lang='lat' dir='ltr'>est</span> <span class='ocrx_word' id='word_1_273' title='bbox 1439 4135 1544 4184; x_wconf 88' lang='lat' dir='ltr'>mater</span> 
     </span>
    </p>
   </div>
   <div class='ocr_carea' id='block_1_8' title="bbox 510 4221 1542 4320">
    <p class='ocr_par' dir='ltr' id='par_1_12' title="bbox 510 4221 1542 4320">
     <span class='ocr_line' id='line_1_34' title="bbox 510 4221 1542 4320; baseline -0.001 -27"><span class='ocrx_word' id='word_1_274' title='bbox 510 4226 661 4295; x_wconf 91' lang='lat' dir='ltr'>omnium</span> <span class='ocrx_word' id='word_1_275' title='bbox 678 4221 893 4316; x_wconf 80' lang='lat' dir='ltr'>ecdefiarum,</span> <span class='ocrx_word' id='word_1_276' title='bbox 909 4221 1017 4320; x_wconf 85' lang='lat' dir='ltr'>pallus</span> <span class='ocrx_word' id='word_1_277' title='bbox 1028 4247 1167 4294; x_wconf 87' lang='lat' dir='ltr'>numero</span> <span class='ocrx_word' id='word_1_278' title='bbox 1184 4247 1245 4293; x_wconf 87' lang='lat' dir='ltr'>cc:</span> <span class='ocrx_word' id='word_1_279' title='bbox 1265 4245 1365 4318; x_wconf 89' lang='lat' dir='ltr'>quam</span> <span class='ocrx_word' id='word_1_280' title='bbox 1377 4223 1542 4293; x_wconf 78' lang='lat' dir='ltr'>Dominus</span> 
     </span>
    </p>
   </div>
   <div class='ocr_carea' id='block_1_9' title="bbox 510 4389 1386 4540">
    <p class='ocr_par' dir='ltr' id='par_1_13' title="bbox 510 4389 1386 4540">
     <span class='ocr_line' id='line_1_35' title="bbox 545 4389 1386 4464; baseline -0.007 -18"><span class='ocrx_word' id='word_1_281' title='bbox 545 4411 567 4446; x_wconf 82' lang='lat' dir='ltr'>a.</span> <span class='ocrx_word' id='word_1_282' title='bbox 584 4395 611 4446; x_wconf 86' lang='lat' dir='ltr'>L.</span> <span class='ocrx_word' id='word_1_283' title='bbox 626 4395 662 4446; x_wconf 81' lang='lat' dir='ltr'>&amp;r</span> <span class='ocrx_word' id='word_1_284' title='bbox 678 4393 779 4464; x_wconf 86' lang='lat' dir='ltr'>ubique.</span> <span class='ocrx_word' id='word_1_285' title='bbox 793 4421 826 4432; x_wconf 90' lang='lat'>-·-</span> <span class='ocrx_word' id='word_1_286' title='bbox 845 4393 870 4444; x_wconf 89' lang='lat' dir='ltr'>b.</span> <span class='ocrx_word' id='word_1_287' title='bbox 884 4393 947 4445; x_wconf 85' lang='lat' dir='ltr'>Lov.</span> <span class='ocrx_word' id='word_1_288' title='bbox 962 4419 994 4430; x_wconf 91' lang='lat'><em>-</em></span> <span class='ocrx_word' id='word_1_289' title='bbox 1057 4402 1153 4444; x_wconf 77' lang='lat' dir='ltr'>contra.</span> <span class='ocrx_word' id='word_1_290' title='bbox 1170 4419 1202 4430; x_wconf 91' lang='lat'>-</span> <span class='ocrx_word' id='word_1_291' title='bbox 1222 4409 1242 4444; x_wconf 84' lang='lat' dir='ltr'>e.</span> <span class='ocrx_word' id='word_1_292' title='bbox 1254 4389 1341 4444; x_wconf 80' lang='lat' dir='ltr'>Omitto</span> <span class='ocrx_word' id='word_1_293' title='bbox 1355 4392 1386 4444; x_wconf 81' lang='grc' dir='ltr'>8ι.</span> 
     </span>
     <span class='ocr_line' id='line_1_36' title="bbox 510 4469 996 4540; baseline -0.004 -15"><span class='ocrx_word' id='word_1_294' title='bbox 510 4491 531 4525; x_wconf 93' lang='lat' dir='ltr'>c.</span> <span class='ocrx_word' id='word_1_295' title='bbox 562 4475 626 4526; x_wconf 64' lang='grc' dir='ltr'>ιον.</span> <span class='ocrx_word' id='word_1_296' title='bbox 651 4473 734 4527; x_wconf 78' lang='lat' dir='ltr'>archa.</span> <span class='ocrx_word' id='word_1_297' title='bbox 763 4500 795 4512; x_wconf 91' lang='lat'>·-</span> <span class='ocrx_word' id='word_1_298' title='bbox 827 4472 852 4524; x_wconf 90' lang='lat' dir='ltr'>d.</span> <span class='ocrx_word' id='word_1_299' title='bbox 882 4474 929 4524; x_wconf 79' lang='lat' dir='ltr'>Sed</span> <span class='ocrx_word' id='word_1_300' title='bbox 948 4469 996 4540; x_wconf 62' lang='lat' dir='ltr'>aff.</span> 
     </span>
    </p>
   </div>
   <div class='ocr_carea' id='block_1_10' title="bbox 0 0 1709 5720">
    <p class='ocr_par' dir='ltr' id='par_1_14' title="bbox 0 0 1709 5720">
     <span class='ocr_line' id='line_1_37' title="bbox 0 0 1709 5720; baseline 0 0"><span class='ocrx_word' id='word_1_301' title='bbox 0 0 1709 5720; x_wconf 95' lang='lat' dir='ltr'> </span> 
     </span>
    </p>
   </div>
  </div>
 </body>
</html>
