3296 5700
504 409 572 504 256
654 425 983 480 snucrruournnrs
1009 429 1366 482 unuonuunumusts

500 649 693 746 pergebant,
720 647 846 722 stabant
870 646 916 722 ibi
939 647 1021 721 duas
1037 647 1275 722 hebdomadas.
1302 651 1356 722 Iste
1384 651 1530 723 civitates

499 757 573 827 sunt
580 757 826 848 Romanorum3
838 758 873 826 in
887 758 1076 828 beneventis
1090 757 1172 847 sunt,
1181 755 1237 828 sed
1251 783 1359 829 tamen
1368 759 1530 830 Romanis

499 863 572 934 sunt
587 861 724 935 subdite.
742 864 933 966 Statimque,
959 860 1036 934 ficut
1061 861 1171 935 divina
1190 864 1271 936 solet
1295 867 1397 960 pietas
1423 867 1530 936 inces-

498 971 603 1041 santer
623 995 732 1068 agere,
759 994 795 1040 ut
813 971 925 1042 votiva
944 970 1197 1042 vernaculorum
1219 967 1373 1043 desideria
1397 972 1533 1042 suorum

496 1078 634 1176 implere
646 1099 814 1174 properat,
822 1078 935 1151 navim
946 1078 993 1148 illi
1006 1076 1048 1150 de
1061 1077 1187 1176 Egypto
1200 1079 1407 1168 invenerunt,
1419 1082 1455 1150 ἀ
1466 1080 1533 1150 illic

497 1187 582 1256 intro
609 1182 818 1256 ascendentes
842 1186 1078 1281 navigaverunt
1106 1187 1141 1256 in
1167 1209 1285 1258 terram
1307 1183 1465 1258 Calabrie
1489 1182 1533 1255 ad

497 1290 623 1384 urbem,
647 1316 711 1386 que
732 1288 851 1361 dicitur
873 1297 986 1386 Regio.
998 1306 1013 1336 ⁰
1033 1291 1068 1362 Et
1087 1289 1134 1364 ibi
1157 1316 1326 1364 manentes
1344 1290 1431 1362 duos
1451 1290 1533 1379 diet,

495 1397 684 1470 levaverunt
701 1397 733 1467 se
750 1399 784 1467 &
808 1422 966 1468 venerunt
984 1400 1018 1468 in
1036 1398 1174 1469 iniulam
1191 1399 1347 1488 Siciliam,
1370 1395 1467 1494 quod
1489 1398 1534 1468 est

496 1507 530 1575 in
540 1503 655 1575 urbem
663 1501 961 1598 Coronensem,⁶ubi
971 1504 1141 1600 requiescit
1150 1529 1270 1601 corpus
1279 1505 1389 1576 sandie
1400 1503 1535 1601 Agathe

496 1612 640 1708 virginis.
666 1609 701 1680 bt
718 1607 763 1680 ibi
785 1611 830 1682 est
847 1635 944 1681 mons
965 1617 1052 1699 Eme,
1080 1614 1116 1681 ἀ
1138 1611 1274 1707 quando
1300 1613 1446 1683 evenerit
1469 1635 1535 1708 pro

495 1714 656 1812 aliquibus
682 1715 788 1808 rebus,
812 1741 847 1788 ut
871 1717 925 1790 ille
948 1719 1033 1815 ignis
1059 1717 1194 1789 dilatare
1215 1719 1247 1790 se
1272 1717 1414 1791 voluerit
1438 1717 1537 1812 lirper

495 1827 678 1922 regionem,
696 1849 775 1895 tunc
787 1824 854 1896 cito
867 1823 911 1894 ilb
925 1827 1012 1896 cives
1026 1826 1157 1898 sumunt
1169 1825 1302 1897 velum‘
1317 1825 1429 1895 sanfle
1440 1827 1535 1921 Aga·

496 1932 603 2003 the&
620 1954 736 2001 contra
757 1932 872 2027 ignem
889 1955 1031 2027 ponunt,
1052 1934 1087 2004 ἃ
1103 1929 1212 2003 ceffat.
1239 1931 1306 2001 unc
1322 1931 1454 2002 firerunt
1468 1955 1537 2002 tres

500 2035 738 2119 hebdomadas.
763 2036 797 2110 Et
818 2036 897 2108 inde
914 2039 1107 2135 navigantes
1124 2062 1283 2110 venerunt
1303 2038 1337 2108 in
1353 2042 1378 2107 S
1379 2041 1535 2133 haeresem

494 2141 610 2215 urbem
625 2145 660 2214 in
676 2144 745 2240 ipsa
761 2145 905 2246 regione.

554 2385 605 2456 xl.
624 2387 953 2471 marsumaticum,
973 2387 1201 2480 Monemhofim
1219 2385 1327 2470 Chios,
1340 2385 1464 2473 Samos,

495 2497 639 2588 Ephesus,
667 2493 818 2586 Phygelo,
840 2491 1031 2585 Hierapolis,
1056 2495 1183 2579 Potare,
1202 2489 1357 2576 Miletus,
1377 2491 1533 2563 Chelido-

711 2605 804 2686 nium,
825 2599 951 2692 Cyprus,
971 2601 1106 2689 Paphos,
1126 2600 1308 2688 Constantio.

540 2781 574 2854 Et
587 2781 664 2855 inde
677 2783 882 2880 navigantes,
893 2805 1052 2853 venerunt
1064 2781 1147 2852 uitta
1163 2809 1245 2852 mare
1256 2784 1393 2852 o4drirm
1411 2780 1456 2852 ad
1476 2808 1534 2854 ur·

492 2888 568 2961 bem
586 2893 803 2986 Monufufiam
823 2897 854 2959 in
870 2891 1010 2959 Slovt'nt'a
1032 2912 1123 2958 terra.
1140 2886 1174 2956 Et
1191 2886 1268 2958 inde
1282 2889 1479 2984 navigantes
1495 2893 1534 2963 in

492 2995 658 3068 insulam*
668 2999 766 3085 Choo,
791 2991 1000 3066 dimittebant
1021 2994 1215 3066 Corinthios
1234 2995 1269 3064 in
1286 2992 1404 3064 finistra
1420 3021 1534 3092 parte,

491 3106 525 3174 ἃ
542 3101 620 3173 inde
637 3103 829 3198 navigantes
852 3100 885 3170 in
908 3100 1046 3172 insulam
1060 3105 1163 3172 Sumo.
1187 3100 1223 3171 Et
1245 3098 1323 3172 inde
1346 3103 1533 3198 navigave-

491 3235 565 3280 runt
592 3210 626 3279 in
654 3205 762 3279 hham
788 3205 832 3278 ad
858 3205 971 3278 urbem
990 3213 1168 3303 Ephesum,‘
1184 3210 1274 3280 secus
1303 3233 1391 3278 mare
1418 3234 1535 3281 unum

491 3315 685 3385 milliarium.
711 3313 746 3383 bt
768 3311 847 3384 inde
874 3311 1123 3384 ambulaverunt
1149 3315 1183 3384 in
1207 3314 1297 3384 illum
1320 3314 1445 3403 locum,
1467 3313 1535 3386 ubi

491 3422 615 3518 septem
626 3420 837 3490 Dormientes
846 3418 1122 3513 requiescuntfbt
1136 3418 1212 3490 inde
1221 3418 1472 3491 ambulaverunt
1482 3422 1534 3494 ad

490 3529 638 3598 i'andium
657 3524 836 3596 Iohannem
853 3525 1087 3623 Evangelistam
1103 3527 1136 3596 in
1153 3527 1231 3596 loco
1250 3527 1411 3624 specioso,
1432 3527 1533 3600 secus

489 3633 658 3730 Ephesum.
670 3647 687 3692 Ε
699 3632 733 3702 bt
745 3629 823 3702 inde
832 3628 1081 3704 ambulaverunt
1090 3631 1156 3705 duo
1168 3633 1315 3706 minima
1329 3633 1417 3704 secus
1430 3657 1534 3706 mare

491 3738 534 3812 ad
551 3737 662 3812 viliam
680 3762 848 3836 magnam,
871 3763 935 3834 que
953 3763 1090 3810 vocatur
1105 3742 1228 3834 rigua,
1245 3736 1292 3811 ibi
1307 3761 1399 3810 erant
1415 3764 1532 3812 unum

491 3845 591 3917 diem.
608 3844 644 3915 Et
655 3844 760 3942 petito
776 3869 875 3941 pane,
892 3841 939 3916 ibi
950 3841 1042 3916 ibant
1052 3843 1096 3916 ad
1108 3845 1235 3916 fontem
1248 3871 1354 3917 unum
1364 3846 1399 3916 in
1409 3844 1533 3918 media

523 4075 546 4108 a
559 4057 654 4118 Mb.‚c.
663 4055 816 4126 Reggia-
826 4057 850 4107 b.
860 4057 913 4108 Mb.
921 4059 973 4110 Ca·
1032 4073 1053 4108 e.
1065 4057 1130 4121 Mb,
1144 4058 1170 4109 C.
1187 4056 1313 4110 Effesram.
1326 4084 1359 4095 -
1382 4055 1400 4108 i
1415 4058 1467 4110 Mu.
1483 4075 1530 4110 re-

490 4132 623 4200 thineniia;
636 4137 662 4188 C.
676 4135 843 4188 Chatiuensra.
852 4165 875 4174 -=
890 4151 911 4187 c.
919 4136 973 4186 Mb.
1033 4136 1168 4205 quiescent.
1182 4164 1215 4175 -
1232 4153 1258 4206 g.
1274 4135 1337 4204 Mu,
1352 4137 1380 4188 C.
1396 4135 1529 4194 Effesum.

488 4229 588 4284 corpus.
597 4243 633 4254 -
643 4214 669 4267 d.
678 4215 730 4269 Mb.
742 4217 803 4268 add.
818 4214 926 4268 nornine.
935 4243 970 4256 -
