3432 5710
508 583 573 662 Ι94
962 563 1067 660 (5¹8)

542 817 555 850 ι
574 789 712 854 Processu
724 811 797 854 vero
813 791 959 874 temporis
973 791 1176 855 crescentibus
1190 813 1261 854 cuni
1275 808 1366 854 aetate
1380 793 1530 852 virtutum

501 881 626 959 meritis,
646 881 738 942 noste
753 879 885 964 quadarn
900 881 931 942 iti
950 880 1061 943 somnis
1077 880 1168 943 astitit
1180 875 1307 963 'angelus
1325 881 1401 963 patri
1418 878 1532 956 David,

500 971 605 1034 dicens
620 971 649 1033 &
663 967 789 1032 firmiter
807 971 979 1053 iniungens,
998 987 1031 1032 ut
1049 971 1080 1031 in
1097 968 1225 1032 crastino
1246 989 1336 1032 mane
1352 972 1412 1030 iter
1427 968 1531 1058 lerose-

499 1059 658 1122 limitanunr
675 1058 886 1120 incundlanter
899 1059 1051 1141 arriperet,
1069 1058 1205 1140 duosque
1225 1057 1276 1118 sibi
1298 1057 1398 1121 socios
1417 1056 1447 1118 dr
1467 1075 1531 1138 par·

499 1149 608 1232 ticipes
635 1147 711 1210 tanti
735 1147 847 1211 laboris
872 1148 1063 1231 adiungeret,
1090 1145 1182 1209 Eliud
1212 1145 1341 1224 scilicet,
1370 1147 1424 1228 qui
1450 1165 1530 1207 nunc

499 1231 628 1300 Teliaus
639 1236 732 1319 vulgo
746 1253 882 1316 vocatur,
896 1237 926 1300 δι
938 1234 1119 1312 Paternum;
1133 1255 1265 1318 quorum
1280 1235 1443 1297 amborum
1458 1255 1530 1295 con-

499 1325 625 1388 versatio
646 1326 713 1388 satis
728 1325 828 1390 eidem
846 1339 920 1387 nota
938 1327 1042 1386 suerat.
1065 1323 1168 1386 David
1185 1338 1287 1386 autem
1301 1323 1458 1385 admirans
1473 1323 1529 1382 im·

501 1415 573 1497 perij
586 1415 830 1492 maturationem,
841 1412 1011 1496 respondit:
1029 1439 1042 1470 ι
1057 1411 1223 1498 Quantum
1237 1413 1269 1474 in
1281 1433 1332 1474 me
1342 1411 1396 1490 esi,
1411 1428 1529 1492 paratus

502 1504 588 1566 «sum
601 1504 631 1565 in
648 1503 790 1566 omnibus
802 1502 926 1564 obedire
931 1531 941 1579 3
951 1501 999 1564 sed
1012 1523 1090 1585 quos
1102 1499 1177 1562 mihi
1189 1503 1319 1564 comites
1334 1516 1397 1562 tarn
1408 1497 1529 1562 festinos

501 1592 673 1674 «adiungis,
681 1591 1000 1674 ttiumdierumspatio
1010 1587 1526 1654 &anobis&abinvicemdistanti

500 1680 560 1744 Cui
575 1681 715 1764 angelus:
746 1681 828 1744 «Ne
842 1679 998 1760 sollicitus,
1021 1681 1130 1764 inquit,
1151 1680 1240 1762 super
1260 1701 1367 1743 eorum
1387 1679 1528 1754 adventu,

501 1791 514 1823 i
526 1766 664 1850 quiasine
675 1770 853 1834 difficultate
861 1771 915 1832 tibi
924 1790 989 1832 cras
997 1770 1096 1831 obiter
1106 1785 1276 1831 occurrent.
1288 1793 1301 1826 r
1315 1767 1420 1830 David
1428 1781 1527 1827 autem

499 1853 615 1918 summo
631 1879 720 1921 mane
735 1879 841 1941 parens
856 1858 1001 1940 imperiis,
1016 1856 1160 1939 dispositis
1176 1859 1275 1919 statim
1290 1859 1417 1919 fratrum
1429 1854 1526 1916 neces·

498 1942 648 2025 sitatibus,
669 1962 855 2030 acceptaque
878 1945 1056 2009 eorumdem
1077 1945 1308 2023 benedictione,
1331 1965 1395 2006 non
1420 1963 1527 2025 magno

498 2049 653 2115 apparatu,
672 2056 735 2097 non
756 2033 941 2118 sumptuoso,
960 2035 1154 2096 continenter
1173 2034 1230 2095 iter
1248 2034 1383 2116 arripuit.
1405 2031 1447 2094 Et
1467 2053 1524 2092 non

498 2122 591 2205 longo
606 2119 773 2206 progressus
789 2124 905 2202 itinere,
927 2117 1091 2204 praemissos
1112 2122 1210 2185 socios
1224 2123 1261 2183 ad
1277 2122 1414 2184 eundem
1429 2119 1526 2181 secum

497 2210 632 2273 laborem
652 2229 789 2299 promtos
804 2212 928 2274 invenit.
950 2208 1040 2272 Ibant
1060 2210 1161 2293 itaque
1181 2211 1363 2292 gaudentes,
1385 2207 1526 2292 angelicis

497 2299 564 2361 fulti
584 2298 713 2376 solatiis3
731 2301 815 2362 ibant
830 2299 860 2363 δι
874 2300 1049 2376 unanimes3
1069 2313 1143 2381 puta
1156 2297 1267 2382 quibus
1282 2299 1413 2360 omnino
1434 2298 1527 2358 suerat

497 2389 591 2452 tribus
613 2389 643 2450 iii
659 2389 838 2471 corporibus
860 2403 1006 2471 tanquam
1025 2390 1144 2450 animus
1163 2408 1249 2450 unus.
1270 2385 1369 2449 Nulla
1383 2386 1462 2448 inter
1475 2405 1524 2446 eos

496 2477 667 2555 contentio,
685 2476 768 2538 nulla
783 2475 947 2559 disparitas,
965 2476 1050 2538 nulla
1063 2475 1218 2538 discordia.
1239 2475 1384 2537 Tantum
1404 2475 1432 2536 in
1454 2471 1526 2556 psal·

496 2567 568 2644 mis,
592 2565 766 2652 hymnis&
794 2567 919 2630 canticis
941 2563 1143 2647 spiritualibus
1167 2562 1336 2646 divinisque
1361 2561 1525 2646 colloquiis

497 2655 560 2718 dies
575 2653 605 2716 δι
619 2656 725 2718 nostes
736 2654 997 2717 consummabant.
1019 2653 1103 2716 Cum
1114 2665 1217 2714 autem
1233 2653 1332 2733 primo
1348 2667 1431 2714 trans
1448 2669 1526 2712 mare

499 2741 645 2805 Gallicum
659 2743 689 2806 dr
705 2742 807 2825 postea
821 2742 1071 2806 Mediterraneum
1086 2740 1208 2821 navigio
1222 2739 1314 2818 vesti,
1330 2738 1460 2804 diversa
1475 2761 1526 2802 na·

497 2831 616 2893 tionum
635 2830 753 2916 linguas
773 2831 921 2910 audirent,
940 2849 1025 2891 more
1043 2825 1211 2911 apostolico
1226 2827 1367 2888 omnium
1386 2829 1524 2891 notitiam

496 2921 592 3002 gratia
602 2921 747 2983 divinitus
762 2919 880 2982 indulta
890 2939 998 2981 omnes
1013 2918 1197 2992 habuerunt3
1212 2916 1356 2997 quatinus
1368 2916 1447 2978 inter
1456 2915 1525 2977 alie·

495 3008 620 3090 nigenas
640 3009 805 3092 interprete
824 3029 887 3070 non
909 3007 1090 3089 indigerent,
1110 3005 1139 3066 δι
1159 3003 1218 3066 fide
1243 3003 1421 3066 vacillantes
1436 3003 1525 3066 verbo

497 3099 607 3178 pariter
617 3096 647 3160 δι
657 3117 749 3180 opere
760 3095 984 3160 confirmarent.
1004 3092 1334 3176 Appropinquantibus
1345 3107 1448 3152 autem
1461 3090 1522 3153 urbi

497 3183 738 3271 serqsolimitanae,
758 3185 850 3248 noste
871 3183 1011 3267 proxima
1029 3198 1099 3243 ante
1122 3201 1227 3243 eorum
1248 3182 1415 3241 adventum
1434 3199 1524 3261 appa·

497 3274 557 3336 ruit
572 3275 747 3356 patriarchae
761 3274 791 3336 in
807 3273 919 3336 somnis
934 3271 1072 3354 Angelus
1087 3269 1207 3332 dicens:
1225 3267 1334 3331 «Tres
1351 3268 1406 3330 tibi
1421 3269 1477 3330 viri
1489 3267 1525 3328 ab

498 3387 511 3419 t
525 3362 662 3426 occiduis
674 3359 785 3426 finibus
796 3361 941 3427 catholici
952 3360 982 3423 δι
993 3359 1083 3422 amici
1096 3357 1158 3420 Dei
1169 3377 1235 3420 cras
1246 3355 1420 3417 advenient
1436 3353 1524 3440 Quos

498 3475 511 3508 i
525 3470 596 3512 cum
611 3452 723 3534 gaudio
736 3472 847 3533 magno
862 3449 892 3512 δι
905 3446 1115 3531 hospitalitatis
1126 3445 1221 3528 gratia
1235 3445 1365 3525 benigne
1379 3442 1524 3527 suscipias,

498 3563 511 3597 i
525 3536 704 3602 &abbatem
716 3539 859 3621 ipsorum,
867 3539 914 3601 cui
928 3557 1042 3600 nornen
1052 3533 1166 3612 David,
1177 3531 1297 3597 Christo
1307 3532 1338 3593 in
1349 3532 1522 3616 episcopum

498 3653 511 3685 t
526 3625 638 3691 &fidei
650 3629 842 3690 fundatorem
855 3624 1051 3690 consecrabis.
1066 3648 1079 3681 i
1102 3619 1275 3685 Patriarcha
1286 3641 1359 3682 vero
1371 3618 1523 3702 posthanc

496 3713 642 3780 visionem
659 3731 717 3780 tres
735 3715 817 3780 sedes
831 3713 1072 3778 honoratislimas
1087 3711 1205 3774 summo
1220 3729 1309 3770 mane
1325 3709 1423 3790 parari
1440 3709 1523 3787 iuffit,

495 3805 606 3888 quibus
626 3821 684 3868 tres
707 3803 846 3888 personas
866 3805 984 3866 honore
999 3801 1180 3884 dignissimas
1201 3794 1372 3860 honorifice
1392 3795 1522 3879 suscepit.

497 3893 591 3978 Quos
604 3915 676 3956 curn
694 3893 800 3957 diebus
815 3890 932 3975 aliquot
952 3889 1137 3972 gratulanter
1157 3885 1257 3948 secum
1271 3884 1522 3948 &decentissime

496 3977 645 4061 tenuisset,
660 3997 776 4064 patrem
790 3980 892 4044 David
907 3979 1053 4040 divinitus
1063 3975 1196 4039 eleslum
1210 3973 1309 4036 statim
1320 3971 1521 4036 consecrando

496 4070 527 4131 in
548 4068 725 4152 episcopum
745 4069 847 4132 dehita
867 4067 1045 4130 solennitate
1068 4063 1216 4147 provexit.
1243 4060 1370 4146 Quibus
1389 4063 1422 4124 in
1443 4064 1521 4125 hunc

496 4157 624 4220 modum
638 4159 695 4220 rite
709 4157 850 4241 peraslis,
870 4157 1017 4240 quoniam
1031 4173 1067 4216 ea
1081 4149 1257 4234 tempestate
1272 4149 1438 4214 iudeorum
1450 4171 1521 4234 gen·

496 4245 597 4308 tilium
618 4245 701 4306 furor
721 4246 752 4306 in
774 4243 1020 4307 christianitatem
1042 4240 1133 4303 nimis
1155 4237 1337 4316 invaluerat,
1360 4239 1522 4319 patriarcha

496 4333 659 4396 monuit&
675 4331 800 4395 monitis
816 4330 959 4410 obtinuit,
978 4345 1012 4391 ut
1030 4327 1131 4390 secum
1146 4328 1177 4392 in
1194 4325 1322 4396 Orientis
1336 4321 1518 4408 aliquamdiu
