3354 5706
429 517 481 570 uc
505 514 609 570 cocrs
632 513 798 568 sanctu.
1056 517 1126 598 205

93 751 168 810 petra
186 740 266 811 supra
280 757 361 810 quam
374 739 475 792 sandius
494 738 641 808 Stephanus
662 737 794 808 lapidatur
811 737 860 802 esi3
879 739 913 790 ad
932 738 1126 793 occidentalem

93 831 197 890 partem
210 819 264 873 alia
277 829 348 874 extat
360 817 475 885 ecclesia,
490 817 537 872 ubi
548 817 576 870 in
589 817 706 888 pretorio
721 817 800 870 Pilati
812 817 918 870 auditur
936 818 971 872 esi
983 818 1127 871 Dominus.

93 901 173 955 Nunc
185 901 221 954 de
235 914 329 954 monte
338 899 436 955 Oliveti
444 899 554 953 dicenda
568 899 636 951 sunt.
646 899 679 950 ln
691 898 795 969 prefato
808 909 899 951 monte
913 898 987 952 nulla
1002 900 1127 954 arborum

93 997 209 1050 genera,
225 980 343 1052 exceptis
363 979 461 1034 vitibua
481 980 507 1032 st
520 977 607 1044 olivis,
626 989 657 1032 ut
677 978 756 1032 refert
768 979 870 1032 sandius
882 978 1024 1046 Arculsus,
1036 995 1128 1050 reppe-

93 1061 137 1113 riri
148 1059 274 1132 posl'unt3
294 1062 391 1131 segetes
402 1077 466 1114 vero
480 1057 608 1113 srumenti
628 1059 653 1111 st
672 1058 744 1111 ordei
765 1057 793 1110 in
808 1058 876 1112 valle
890 1058 941 1111 late
955 1058 1128 1128 consurgunt.

95 1142 156 1194 Non
169 1140 245 1194 enim
258 1141 379 1208 brucosa,
392 1141 435 1194 sed
448 1139 558 1193 herbosa
570 1141 595 1192 tc
613 1137 707 1192 florida
718 1137 789 1194 illius
800 1149 868 1191 terre
880 1137 995 1208 qualitas
1006 1139 1128 1193 demons-

94 1231 185 1274 tratur.
199 1219 358 1274 Altitudine
375 1231 465 1273 autem
486 1219 621 1272 altitudini
639 1218 739 1272 montia
752 1221 825 1290 syon
843 1219 944 1290 equalis
956 1218 1008 1273 elie
1018 1218 1129 1274 videtur.

96 1303 164 1355 Inter
186 1302 237 1355 bos
257 1301 326 1354 duos
343 1311 447 1353 montes
468 1299 543 1354 vallia
558 1300 682 1370 iosaphat
702 1299 926 1369 aseptentrionali
939 1300 1019 1370 plaga
1031 1299 1059 1352 in
1072 1300 1129 1352 aus·

95 1381 153 1434 trali
173 1392 249 1452 parte
271 1381 390 1451 pometa
410 1380 575 1434 monstratur.
596 1381 629 1433 ln
653 1379 805 1434 summitate
829 1398 891 1434 vero
911 1380 1011 1434 montis
1031 1379 1129 1434 oliveti

97 1461 200 1531 grandia
221 1461 259 1516 ed
278 1461 394 1529 ecclesia,
406 1461 439 1514 de
452 1480 506 1532 qua
521 1461 657 1515 Dominus
669 1460 702 1513 ad
716 1459 785 1513 celos
797 1460 921 1514 ascendit.
942 1464 1002 1523 Que
1013 1459 1130 1513 rotunda

96 1541 143 1594 effe
155 1541 284 1608 cernitur,
302 1541 352 1595 tine
365 1543 434 1596 testo
453 1541 487 1594 ad
510 1542 597 1595 celum
617 1542 665 1594 sub
676 1557 735 1594 aere
755 1541 828 1593 nudo
840 1552 930 1612 aperta
942 1551 1023 1611 patet,
1042 1550 1073 1592 ut
1084 1539 1129 1592 ille

97 1621 170 1674 locut
183 1621 288 1692 semper
297 1621 403 1693 patulus
416 1633 549 1692 appareat,
563 1622 632 1675 unde
643 1619 779 1673 Dominus
787 1619 815 1672 in
825 1619 913 1674 celum
926 1619 954 1672 in
967 1621 1036 1672 nube
1045 1619 1130 1672 suble-

99 1712 170 1754 vatus
191 1701 235 1754 esi.
254 1703 287 1753 ln
300 1701 453 1771 pavimento
471 1718 533 1754 vero
546 1701 617 1753 unde
637 1699 782 1770 assumptus
799 1699 843 1764 est,
861 1699 931 1752 sacra
949 1698 1006 1752 eius
1021 1697 1129 1768 vestigia

98 1791 241 1834 cernuntur
249 1781 378 1851 impressa.
387 1783 420 1834 ln
429 1780 551 1834 orientali
563 1797 625 1834 vero
634 1792 707 1852 parte
714 1779 830 1833 eiusdem
840 1778 953 1844 ecclesie,
959 1779 1007 1831 sub
1017 1778 1128 1848 angusto

99 1861 245 1931 protedium
258 1861 338 1928 tedio,
352 1861 433 1914 altare
446 1859 623 1914 construtlum
638 1871 717 1913 extat
740 1859 845 1912 Deinde
859 1858 989 1912 Bethanie
1001 1875 1128 1930 campum

101 1957 194 2009 magna
213 1939 345 1994 olivarum
357 1941 426 1994 'filva
439 1941 633 1994 circumdatum
654 1941 756 1994 sandius
769 1938 901 1993 Arculsua
922 1938 1058 2006 circuivit;
1083 1939 1130 1992 ubi

100 2020 223 2089 grandem
235 2020 368 2074 basilicam
379 2020 444 2074 dicit
453 2019 503 2074 elie
513 2020 663 2074 edificatam
673 2022 750 2091 super
757 2020 919 2090 speluncam,
928 2020 962 2071 de
971 2037 1026 2089 qua
1032 2019 1130 2072 Domi·

103 2117 149 2152 uus
160 2103 293 2154 Lazarum
304 2101 512 2172 quatriduanum
522 2113 659 2154 mortuum
673 2100 811 2156 suscitavit.
821 2102 851 2152 ln
864 2097 968 2152 australi
980 2115 1043 2152 vero
1054 2111 1127 2168 parte

101 2180 225 2234 Bethanie
243 2179 273 2233 in
293 2180 346 2234 iam
364 2181 436 2234 didio
453 2179 551 2233 montis
565 2179 664 2234 oliveti
676 2179 739 2232 loco
752 2178 887 2232 eccleliam
901 2177 966 2231 vidit
978 2177 1129 2244 fundatam,

101 2258 126 2312 in
137 2276 190 2330 quo
201 2261 263 2314 loco
276 2261 413 2315 Dominus
425 2261 460 2314 ad
470 2259 614 2331 discipulos
627 2259 686 2312 suos
700 2259 794 2312 ltabuit
805 2259 962 2312 sermonem.
983 2261 1019 2311 Et
1031 2277 1126 2328 quam-

101 2341 135 2394 vis
147 2353 196 2394 tres
209 2341 377 2412 Evangeliste
395 2341 542 2395 sermonem
563 2339 634 2393 illius
645 2357 726 2411 quern
744 2338 837 2391 babuit
856 2351 921 2392 tunc
936 2338 970 2390 ad
986 2337 1129 2408 discipulos

102 2421 251 2489 describant,
275 2421 414 2493 specialius
434 2431 524 2475 tamen
543 2419 631 2473 scribit
647 2420 680 2472 de
702 2436 734 2472 eo
752 2419 880 2472 Matbeus
900 2417 1007 2472 dictust
1027 2421 1130 2473 Sedente

103 2513 181 2556 artem
203 2521 230 2556 eo
244 2504 327 2573 saw
352 2511 455 2554 mmm
480 2501 592 2566 Oliveti,
616 2503 769 2571 accesserunt
792 2503 830 2554 ad
852 2519 908 2554 eum
933 2499 1052 2570 dt'scipuli
1075 2499 1130 2551 tias

97 2582 191 2649 semen,
203 2584 326 2636 dicmur:
342 2582 392 2634 Dic
410 2583 478 2636 nobis
500 2584 601 2652 quatrdo
619 2583 663 2634 hec
674 2592 750 2635 nant
769 2585 799 2635 U
811 2581 983 2652 qaodfignum
994 2581 1126 2632 adventus

105 2662 140 2714 tai
150 2681 180 2715 ac
190 2662 521 2733 consummationissecalis
532 2663 575 2715 De
585 2663 700 2732 personis
713 2661 935 2731 interrogantium
946 2661 989 2714 bic
1000 2661 1128 2714 Mattheus

105 2743 189 2809 tacuit,
200 2743 243 2796 sed
259 2745 371 2796 Marcus
384 2760 438 2795 non
451 2753 522 2796 tacet
535 2743 582 2813 qui
594 2743 630 2795 ita
642 2741 730 2796 scribit
742 2742 848 2796 dicens=
867 2743 1062 2812 interrogabant
1072 2759 1128 2794 eum

98 2823 233 2891 separatim
239 2826 364 2878 Petras&
375 2825 487 2889 lacobus,
498 2825 619 2877 lohannes
627 2827 656 2876 o·
660 2826 785 2890 Andreas,
788 2823 858 2892 ficut
862 2823 937 2893 prius
944 2823 1064 2893 loquitur,
1073 2823 1130 2892 qui-

104 2904 144 2954 bas
154 2905 292 2973 respondin
308 2905 394 2957 Viden
406 2905 502 2974 nequis
514 2905 685 2974 vossedacat.
701 2904 782 2956 Multi
793 2903 859 2956 enim
873 2903 980 2956 venient
989 2903 1017 2955 in
1028 2903 1125 2956 romine

109 2984 285 3038 mendicentur
298 2985 371 3054 Quia
381 2986 499 3055 egestam,
512 2985 634 3037 &cetera
645 2983 790 3054 sequentia,
804 3001 856 3055 que
870 2984 902 3036 de
912 2982 992 3036 seculi
1006 2982 1129 3036 consum-

106 3063 213 3117 matione
221 3065 352 3118 Matheua
360 3065 463 3135 prolixo
473 3065 592 3118 sermone
600 3063 765 3136 prosequitur
771 3065 853 3135 usque
861 3063 895 3116 ad
903 3080 965 3116 eum
972 3063 1075 3130 locum,
1081 3065 1128 3116 ubi

106 3161 134 3196 ex
142 3145 223 3198 verbis
232 3145 348 3198 Domini
361 3144 481 3212 ostendit,
495 3145 622 3200 scribente
635 3147 820 3216 Qiasadum
832 3148 865 3218 est
877 3166 933 3201 cum
946 3146 1131 3217 consummasset

108 3227 183 3294 ihesus
187 3227 314 3296 santones
325 3227 377 3292 hos,
390 3227 471 3282 discite
495 3227 569 3280 Scitis
581 3228 645 3297 qaia
653 3228 706 3298 post
719 3229 826 3280 biduana
845 3229 944 3298 Pascha
948 3229 1004 3297 fin.
1025 3227 1130 3296 Aperte

106 3322 162 3374 ergo
170 3305 330 3360 demonstrat
340 3307 490 3362 Dominum
501 3307 527 3360 in
543 3307 585 3361 die
594 3319 689 3378 quarta
701 3307 776 3373 seria,
786 3308 896 3363 restante
907 3307 990 3361 biduo
1002 3305 1129 3376 usquead

107 3385 204 3454 Pascha,
220 3387 310 3459 primo
322 3387 470 3442 azimorum
492 3387 544 3455 die,
562 3389 595 3441 ad
616 3389 810 3458 interroganter
835 3389 981 3442 sermonem
994 3386 1128 3458 prolixum

106 3465 172 3520 suilie
180 3467 333 3540 loquutum.
347 3469 380 3520 In
390 3469 442 3521 lroc
455 3467 617 3540 itaqueloco
627 3487 726 3538 magna
736 3469 848 3522 habetur
860 3467 967 3522 ecclesa
979 3467 1007 3520 in
1021 3467 1129 3521 honore.

108 3546 146 3598 De
157 3546 255 3600 sudario
266 3548 340 3600 sacro
347 3545 472 3612 Domini,
478 3547 552 3618 quod
564 3547 592 3600 in
603 3547 723 3618 sepulcro
732 3549 808 3619 super
815 3548 902 3620 capud
911 3550 936 3602 sc
948 3563 1044 3618 corpus
1052 3545 1129 3617 ipsius

109 3625 243 3692 initiandi
248 3627 358 3682 Asculti
365 3627 493 3681 relatione
502 3629 691 3698 cognovimue3
701 3647 782 3700 quam
793 3627 1038 3683 iherosolimitanus
1044 3644 1129 3697 popu-

109 3704 230 3760 lurveram
240 3707 461 3778 efl'eprotellatur,
470 3727 551 3780 quam
562 3709 608 3781 ipsu
613 3709 697 3781 sepius
706 3710 948 3780 pronunciaverunt
956 3708 1128 3762 itadicentes²

111 3786 177 3839 sinte
183 3789 443 3842 annoatretsant’cum
449 3789 589 3842 linteolum
596 3788 696 3843 iudeus
703 3787 1128 3861 fidelisposteiusresurreblionem

110 3862 268 3922 summes&
276 3869 368 3922 multia
375 3869 468 3922 diebue
476 3869 548 3940 apud
556 3870 580 3922 se
588 3868 740 3922 occultavit
753 3870 879 3940 Cumque
888 3869 916 3922 in
929 3867 1053 3924 extremis
1063 3885 1128 3922 corr·

111 3943 210 4014 liturus,
226 3949 307 4003 morti
319 3950 455 4020 proximus
464 3949 535 4015 eil'et,
546 3949 652 4003 duobus
664 3949 723 4002 filiis
736 3949 786 4004 suia
800 3949 884 4004 dixite
897 3953 922 4003 0
937 3949 983 4020 filij
992 3949 1054 4016 mei,
1068 3948 1129 4020 quis

111 4041 138 4076 ex
147 4027 217 4081 vobis
225 4029 273 4083 erit
280 4029 330 4100 qui
339 4029 450 4084 fideliter
458 4029 715 4084 ltuncDominieum
726 4029 865 4084 linteolum
876 4030 1002 4102 suscipere
1007 4029 1129 4085 voluerit.

113 4107 205 4166 Quium
224 4109 330 4176 auditis,
347 4129 415 4164 unna
434 4111 480 4182 qui
494 4110 621 4180 genitoris
633 4109 737 4164 divitiae
751 4111 896 4182 susceperat
910 4111 958 4165 sub
974 4111 1129 4164 testamento

113 4192 308 4256 commendatae,
321 4191 452 4261 prefatum
467 4191 601 4244 sudarium
614 4191 725 4261 suscepit
738 4201 819 4262 atque
831 4209 959 4260 germano
978 4189 1051 4244 fratri
1065 4207 1129 4244 ven-

113 4265 177 4321 didit
190 4270 291 4326 Mirum
308 4271 388 4337 dictu,
400 4288 432 4324 ex
445 4269 491 4324 illa
503 4269 546 4324 die
559 4289 653 4326 omnes
665 4269 756 4325 divitie
769 4269 826 4324 eius
839 4272 986 4326 decrescere
998 4283 1127 4344 ceperunt
