3354 5706
303 493 355 546 DE
381 494 485 545 LOCIS
512 491 808 545 TRANSMARINIS
835 491 972 544 SACRlS.
1090 491 1149 571 131

100 712 131 771 in
149 710 373 788 amaritudine,
387 731 405 771 a
419 709 539 771 malicia
554 708 789 770 inhabitantium
805 709 835 770 in
851 730 894 770 ea.
912 707 954 772 Et
966 709 1007 770 ibi
1019 708 1153 771 vidimus

100 799 257 861 homines
273 799 352 861 rasos
368 799 516 881 fugientes
531 819 603 860 cum
618 797 751 860 camelis.
764 797 848 860 Nam
860 797 889 860 δι
902 798 931 859 in
946 797 1152 859 Hierosolima

103 889 248 948 vidimus
272 888 412 948 homines
432 908 469 948 ex
484 885 640 968 Ethiopia,
660 887 805 950 habentes
820 887 895 952 fissas
910 909 996 951 nares
1012 886 1042 949 dt
1058 907 1153 948 aures.

105 975 664 1058 Calliculascalciatos&perdigitos
674 977 703 1037 in
714 977 805 1059 pedes
814 979 921 1041 anulos
930 974 1040 1038 missos.
1054 972 1153 1036 Inter-

105 1067 292 1148 rogavimus
314 1084 406 1146 quare
420 1062 467 1125 src.
484 1061 525 1125 Et
539 1065 694 1126 dixerunt:
713 1065 800 1150 Quia
810 1067 967 1129 Troianus
982 1067 1150 1147 imperator

104 1153 229 1237 lignum
248 1154 309 1214 hoc
324 1151 447 1234 reliquit
463 1152 559 1214 nobis·
577 1151 779 1216 Ambulantes
792 1177 846 1235 per
858 1156 1004 1218 herenum
1028 1155 1092 1216 dies
1109 1154 1150 1236 vj,

105 1242 237 1306 camelis
257 1241 346 1303 nobis
359 1261 467 1323 aquam
481 1240 682 1323 portantibus,
697 1241 839 1306 sextarius
852 1265 951 1321 mane,
965 1243 994 1305 δι
1010 1243 1153 1306 sextarius

105 1331 235 1411 vespere
259 1329 373 1389 cotidie
391 1328 519 1390 dabatur
538 1350 591 1410 per
609 1329 776 1392 hominem.
792 1331 1008 1394 Amarescente
1026 1351 1103 1412 aqua
1122 1331 1151 1392 in

106 1434 191 1480 utres
211 1420 245 1478 in
263 1419 390 1478 modum
407 1417 485 1480 sellis
501 1419 696 1481 mittebamus
712 1419 741 1480 in
755 1440 790 1480 ea
805 1420 949 1481 harenam
968 1421 996 1482 ἃ
1015 1419 1153 1480 indulca-

106 1507 206 1568 batur.
220 1505 354 1568 Familia
365 1523 467 1568 autem
476 1506 710 1569 Sarracenorum
722 1508 771 1570 vel
784 1529 893 1571 uxores
906 1530 1014 1570 eorum
1028 1509 1152 1570 venien-

107 1613 152 1658 tes
174 1598 215 1657 de
238 1594 375 1674 heremo,
398 1617 468 1657 cum
497 1595 720 1658 lamentacione
745 1598 775 1658 iu
801 1598 850 1658 via
872 1597 1017 1674 sedentes,
1041 1596 1153 1658 sarcina

108 1684 258 1765 deposita,
277 1685 422 1765 petebant
440 1705 550 1766 panem
570 1705 587 1744 a
608 1683 837 1747 transeuntibus.
857 1684 897 1748 Et
917 1686 1078 1746 veniebant
1094 1687 1150 1748 viri

109 1773 242 1855 ipsarum
266 1773 304 1834 de
320 1773 464 1834 interiore
477 1790 559 1853 parte
571 1775 695 1851 heremi,
718 1774 970 1858 adducebantque
988 1791 1068 1836 utres
1080 1795 1150 1834 cum

110 1886 188 1946 aqua
197 1859 611 1946 frigida&accipiebants1bi
620 1884 720 1944 panes.
733 1861 973 1926 Etadducebant
982 1863 1072 1926 restes
1080 1883 1150 1924 cum

111 1952 278 2028 radicibus,
290 1972 418 2032 quarum
430 1951 509 2012 odor
520 1950 702 2015 suaviffimus
714 1951 802 2033 super
813 1969 961 2029 aromata,
974 1952 1073 2014 &dies
1084 1950 1151 2013 suos

112 2040 201 2102 fellos
215 2039 421 2102 celebrabant.
433 2038 675 2122 Populusautem
685 2042 735 2122 qui
746 2040 898 2122 peripsam
908 2042 1054 2102 maiorem
1063 2040 1150 2100 here-

111 2152 195 2191 mum
210 2130 439 2212 ingrediebatur
450 2130 487 2191 ad
501 2128 720 2211 explorandum
732 2150 860 2190 numero
873 2131 913 2212 xij
929 2130 1012 2191 milia
1028 2130 1073 2190 dc.
1080 2125 1150 2212 Qui

113 2219 360 2299 perambulantes
374 2221 534 2281 heremum
550 2217 659 2279 oslava
669 2218 718 2278 die
733 2217 871 2280 venimus
885 2219 921 2277 ad
938 2234 1075 2278 montem
1086 2217 1147 2278 Dei

113 2308 248 2369 Choreb.
259 2306 301 2369 Et
310 2309 379 2368 inde
391 2323 550 2368 moventes
558 2305 826 2368 utascenderemus
835 2323 971 2368 montem
982 2307 1070 2389 Syna,
1078 2327 1150 2367 ecce

115 2396 281 2458 multitudo
294 2397 515 2458 monachorum
527 2394 744 2456 heremitarum
753 2415 824 2455 cum
836 2395 976 2458 crucibus
990 2394 1148 2476 psallentes

114 2485 318 2548 obviaverunt
328 2507 393 2547 nos.
406 2483 502 2547 Simili
516 2483 651 2546 modo&
666 2505 722 2546 nos
737 2485 897 2560 facientes,
916 2483 1149 2544 lacrimavimus.

114 2573 207 2635 Tunc
230 2575 466 2636 introduxerunt
483 2595 540 2636 nos
566 2574 596 2634 in
621 2571 732 2634 vallem
759 2573 836 2633 inter
858 2573 983 2634 Choreb
1009 2572 1038 2634 δι
1062 2571 1149 2655 Syna.

116 2665 163 2724 Ad
178 2665 268 2725 cuius
285 2664 394 2745 pedem
415 2664 527 2724 montis
548 2661 591 2722 est
612 2662 679 2723 sons
698 2661 749 2722 ille
771 2661 822 2723 ubi
839 2660 965 2744 Moyses
980 2659 1150 2743 adaquabat

116 2773 195 2830 oves,
216 2753 342 2835 quando
363 2752 441 2814 vidit
461 2753 618 2813 ardentem
645 2750 763 2812 rubum.
789 2749 831 2813 Et
855 2753 923 2812 sons
953 2749 1083 2812 inclusus
1109 2748 1151 2810 est

116 2841 191 2902 intra
202 2841 430 2902 monasterium.
438 2837 475 2902 In
487 2861 549 2922 quo
558 2839 739 2900 monasterio
749 2839 815 2902 sunt
824 2856 884 2902 tres
893 2839 1015 2901 abbates
1025 2838 1150 2900 scientes

117 2929 240 3012 linguas,
262 2930 323 2992 hoc
345 2929 388 2991 est
408 2930 544 3008 latinam,
568 2949 700 3011 grecam,
721 2927 825 3010 syram,
846 2930 877 2990 δε
897 2931 1098 3013 egyptiacam,
1121 2927 1150 2989 δι

117 3017 233 3080 bellam.
262 3017 340 3082 Inde
368 3020 507 3081 venimus
533 3018 569 3080 ad
599 3016 772 3099 speluncam
799 3019 848 3081 ubi
876 3017 1068 3080 absconditus
1094 3016 1150 3078 suit

119 3107 228 3190 Helyas
251 3109 401 3190 propheta
422 3107 544 3189 quando
566 3107 644 3188 fugit
665 3103 785 3168 lezabel
812 3107 971 3168 mulierem
994 3103 1149 3187 persidam.

120 3196 198 3258 Ante
211 3196 308 3280 ipsam
323 3196 496 3278 speluncam
511 3194 602 3278 surgit
617 3196 684 3257 sons
700 3197 753 3277 qui
769 3196 872 3279 irrigat
888 3194 984 3277 ipsum
1001 3209 1149 3254 montem.

155 3281 229 3346 Inde
251 3284 441 3346 ascendimus
464 3286 493 3346 in
509 3283 627 3345 summo
649 3285 809 3346 cacumine
833 3284 946 3346 montis
970 3285 999 3344 in
1023 3303 1085 3364 quo
1109 3279 1151 3342 est

120 3375 282 3434 oratorium
295 3374 451 3436 modicum
463 3372 578 3435 habens
593 3373 624 3434 in
636 3372 828 3455 longitudine
841 3373 933 3454 pedes
955 3371 996 3454 vj,
1015 3367 1151 3431 suniliter

120 3463 146 3523 δε
160 3465 189 3523 in
204 3463 373 3524 latitudine.
389 3459 424 3522 ln
441 3483 502 3544 quo
518 3461 620 3524 nullus
636 3482 758 3522 manere
774 3461 927 3542 presumit,
949 3458 989 3521 set
1005 3474 1071 3520 orto
1090 3459 1150 3519 iarn

121 3551 165 3610 die
179 3550 343 3613 ascendunt
358 3550 551 3612 monachide
566 3548 738 3631 supradidlo
755 3547 937 3610 monasterio
954 3546 1152 3609 &celebrant

122 3637 169 3719 ipsi
191 3639 334 3702 officium.
356 3636 390 3700 In
414 3661 476 3721 quo
499 3639 568 3700 loco
592 3637 681 3699 multi
706 3659 761 3720 pro
777 3637 942 3698 devotione
958 3637 1086 3698 tondent
1101 3657 1151 3696 ca-

123 3728 205 3808 pillos
220 3729 287 3792 suos
303 3729 332 3791 δι
347 3729 460 3791 barbas.
483 3728 567 3790 Nam
583 3727 684 3810 &ego
701 3726 741 3788 ibi
766 3727 884 3788 totondi
901 3727 1025 3788 barbam
1040 3746 1149 3785 meam.

122 3817 213 3880 hlons
223 3838 296 3878 vero
307 3817 387 3900 Syna
399 3814 533 3898 petrosus
553 3813 605 3893 est,
617 3836 685 3877 raro
697 3814 788 3876 habet
800 3831 922 3892 terram,
937 3814 966 3876 δι
979 3815 1008 3875 in
1021 3811 1149 3874 circuitu

123 3906 181 3968 eius
198 3905 309 3968 cellule
333 3905 428 3966 multe
451 3903 605 3965 servorum
621 3902 694 3980 Dei,
709 3899 845 3964 similiter
860 3902 890 3965 δι
905 3903 934 3964 in
951 3900 1087 3966 Choreb.
1109 3897 1150 3960 Et

123 3991 149 4052 in
162 4013 243 4074 parte
255 3995 346 4078 ipsius
359 3996 471 4057 montis
484 3993 596 4056 habent
608 3993 763 4055 Sarraceni
777 3991 904 4074 ydolum
920 3991 1004 4052 suum
1021 3989 1149 4072 positum

124 4101 330 4161 marmoreum,
350 4084 514 4146 candidum
540 4100 696 4164 tamquam
720 4083 781 4143 nix.
802 4078 849 4142 Ibi
877 4082 968 4144 etiam
995 4093 1151 4161 permanet

125 4166 251 4236 sacerdos
267 4171 399 4254 ipsorum
415 4173 539 4234 indutus
562 4169 756 4231 dalmaticam
776 4169 804 4230 δι
821 4167 948 4250 pallium
963 4168 1086 4229 lineum.
1110 4163 1151 4225 Et

125 4263 237 4338 quando
259 4263 344 4324 venit
367 4277 486 4343 tempus
510 4259 677 4322 festivitatis
699 4257 833 4336 illorum,
856 4272 1051 4339 precurrente
1070 4253 1150 4330 luna,

127 4364 278 4434 antequam
304 4351 475 4436 egrediatur
500 4372 517 4411 a
542 4351 590 4412 die
617 4347 691 4411 sesto
718 4346 862 4430 ipsorum,
887 4347 995 4430 incipit
1019 4363 1151 4406 marmor
