<?xml version="1.0" encoding="UTF-8"?>
<!DOCTYPE html PUBLIC "-//W3C//DTD XHTML 1.0 Transitional//EN"
    "http://www.w3.org/TR/xhtml1/DTD/xhtml1-transitional.dtd">
<html xmlns="http://www.w3.org/1999/xhtml" xml:lang="en" lang="en">
 <head>
  <title>
</title>
<meta http-equiv="Content-Type" content="text/html;charset=utf-8" />
  <meta name='ocr-system' content='tesseract 3.04.00' />
  <meta name='ocr-capabilities' content='ocr_page ocr_carea ocr_par ocr_line ocrx_word'/>
</head>
<body>
  <div class='ocr_page' id='page_1' title='image "./itinerahierosol00berngoog_0255.png"; bbox 0 0 3354 5706; ppageno 0'>
   <div class='ocr_carea' id='block_1_1' title="bbox 523 539 1128 614">
    <p class='ocr_par' dir='ltr' id='par_1_1' title="bbox 523 539 1128 614">
     <span class='ocr_line' id='line_1_1' title="bbox 523 539 1128 614; baseline -0.002 -1"><span class='ocrx_word' id='word_1_1' title='bbox 523 539 588 614; x_wconf 86' lang='lat'>186</span> <span class='ocrx_word' id='word_1_2' title='bbox 933 559 1128 614; x_wconf 75' lang='lat' dir='ltr'>ARcunrus</span> 
     </span>
    </p>
   </div>
   <div class='ocr_carea' id='block_1_2' title="bbox 518 775 1551 1404">
    <p class='ocr_par' dir='ltr' id='par_1_2' title="bbox 518 775 1551 1404">
     <span class='ocr_line' id='line_1_2' title="bbox 518 775 1549 875; baseline -0.004 -25"><span class='ocrx_word' id='word_1_3' title='bbox 518 802 593 850; x_wconf 92' lang='lat' dir='ltr'>tuor</span> <span class='ocrx_word' id='word_1_4' title='bbox 620 775 835 850; x_wconf 87' lang='lat' dir='ltr'>interfluentia</span> <span class='ocrx_word' id='word_1_5' title='bbox 858 777 1040 875; x_wconf 85' lang='lat' dir='ltr'>gaudenter</span> <span class='ocrx_word' id='word_1_6' title='bbox 1064 776 1229 850; x_wconf 89' lang='lat' dir='ltr'>letificant.</span> <span class='ocrx_word' id='word_1_7' title='bbox 1262 781 1297 848; x_wconf 93' lang='lat' dir='ltr'>ln</span> <span class='ocrx_word' id='word_1_8' title='bbox 1316 800 1388 872; x_wconf 90' lang='lat' dir='ltr'>-qua</span> <span class='ocrx_word' id='word_1_9' title='bbox 1408 777 1549 847; x_wconf 83' lang='lat' dir='ltr'>Sarrace-</span> 
     </span>
     <span class='ocr_line' id='line_1_3' title="bbox 520 883 1548 982; baseline -0.004 -26"><span class='ocrx_word' id='word_1_10' title='bbox 520 911 640 956; x_wconf 89' lang='lat' dir='ltr'>notum</span> <span class='ocrx_word' id='word_1_11' title='bbox 669 910 724 956; x_wconf 83' lang='lat' dir='ltr'>tex</span> <span class='ocrx_word' id='word_1_12' title='bbox 750 883 889 982; x_wconf 86' lang='lat' dir='ltr'>adeptus</span> <span class='ocrx_word' id='word_1_13' title='bbox 921 886 965 956; x_wconf 89' lang='lat' dir='ltr'>est</span> <span class='ocrx_word' id='word_1_14' title='bbox 995 887 1215 982; x_wconf 88' lang='lat' dir='ltr'>principatum</span> <span class='ocrx_word' id='word_1_15' title='bbox 1241 887 1276 955; x_wconf 71' lang='grc' dir='ltr'>δι</span> <span class='ocrx_word' id='word_1_16' title='bbox 1306 908 1432 981; x_wconf 86' lang='lat' dir='ltr'>regnat,</span> <span class='ocrx_word' id='word_1_17' title='bbox 1458 885 1491 952; x_wconf 79' lang='lat' dir='ltr'>dt</span> <span class='ocrx_word' id='word_1_18' title='bbox 1516 884 1548 952; x_wconf 91' lang='lat' dir='ltr'>in</span> 
     </span>
     <span class='ocr_line' id='line_1_4' title="bbox 519 987 1550 1089; baseline -0.003 -26"><span class='ocrx_word' id='word_1_19' title='bbox 519 994 681 1065; x_wconf 89' lang='lat' dir='ltr'>honorem</span> <span class='ocrx_word' id='word_1_20' title='bbox 699 993 800 1063; x_wconf 71' lang='lat' dir='ltr'>sancii</span> <span class='ocrx_word' id='word_1_21' title='bbox 812 992 964 1063; x_wconf 80' lang='lat' dir='ltr'>iohannis</span> <span class='ocrx_word' id='word_1_22' title='bbox 977 993 1115 1089; x_wconf 89' lang='lat' dir='ltr'>Baptiste</span> <span class='ocrx_word' id='word_1_23' title='bbox 1128 989 1254 1063; x_wconf 88' lang='lat' dir='ltr'>ibidem</span> <span class='ocrx_word' id='word_1_24' title='bbox 1266 989 1403 1088; x_wconf 85' lang='lat' dir='ltr'>grandis</span> <span class='ocrx_word' id='word_1_25' title='bbox 1417 987 1550 1060; x_wconf 84' lang='lat' dir='ltr'>fundata</span> 
     </span>
     <span class='ocr_line' id='line_1_5' title="bbox 519 1093 1551 1195; baseline -0.004 -25"><span class='ocrx_word' id='word_1_26' title='bbox 519 1099 563 1170; x_wconf 87' lang='lat' dir='ltr'>est</span> <span class='ocrx_word' id='word_1_27' title='bbox 576 1095 716 1170; x_wconf 84' lang='lat' dir='ltr'>eccleha.</span> <span class='ocrx_word' id='word_1_28' title='bbox 735 1097 894 1195; x_wconf 83' lang='lat' dir='ltr'>Quedam</span> <span class='ocrx_word' id='word_1_29' title='bbox 912 1098 1011 1168; x_wconf 90' lang='lat' dir='ltr'>etiam</span> <span class='ocrx_word' id='word_1_30' title='bbox 1027 1099 1279 1170; x_wconf 89' lang='lat' dir='ltr'>Sarracenotum</span> <span class='ocrx_word' id='word_1_31' title='bbox 1301 1093 1434 1168; x_wconf 84' lang='lat' dir='ltr'>ecclesia</span> <span class='ocrx_word' id='word_1_32' title='bbox 1450 1097 1551 1166; x_wconf 85' lang='lat' dir='ltr'>incre-</span> 
     </span>
     <span class='ocr_line' id='line_1_6' title="bbox 521 1201 1551 1300; baseline -0.006 -23"><span class='ocrx_word' id='word_1_33' title='bbox 521 1206 686 1296; x_wconf 89' lang='lat' dir='ltr'>dulorum,</span> <span class='ocrx_word' id='word_1_34' title='bbox 712 1208 746 1275; x_wconf 76' lang='grc' dir='ltr'>ἃ</span> <span class='ocrx_word' id='word_1_35' title='bbox 763 1204 833 1299; x_wconf 87' lang='lat' dir='ltr'>ipsa</span> <span class='ocrx_word' id='word_1_36' title='bbox 848 1205 883 1274; x_wconf 95' lang='lat' dir='ltr'>in</span> <span class='ocrx_word' id='word_1_37' title='bbox 901 1203 1017 1276; x_wconf 87' lang='lat' dir='ltr'>eadem</span> <span class='ocrx_word' id='word_1_38' title='bbox 1036 1207 1177 1295; x_wconf 84' lang='lat' dir='ltr'>civitate,</span> <span class='ocrx_word' id='word_1_39' title='bbox 1195 1230 1297 1300; x_wconf 86' lang='lat' dir='ltr'>quam</span> <span class='ocrx_word' id='word_1_40' title='bbox 1316 1201 1374 1300; x_wconf 88' lang='lat' dir='ltr'>ipsr</span> <span class='ocrx_word' id='word_1_41' title='bbox 1401 1202 1551 1298; x_wconf 87' lang='lat' dir='ltr'>frequen·</span> 
     </span>
     <span class='ocr_line' id='line_1_7' title="bbox 520 1310 846 1404; baseline -0.009 -21"><span class='ocrx_word' id='word_1_42' title='bbox 520 1335 601 1404; x_wconf 87' lang='lat' dir='ltr'>tant,</span> <span class='ocrx_word' id='word_1_43' title='bbox 620 1310 776 1383; x_wconf 86' lang='lat' dir='ltr'>fabricata</span> <span class='ocrx_word' id='word_1_44' title='bbox 793 1311 846 1380; x_wconf 87' lang='lat' dir='ltr'>est.</span> 
     </span>
    </p>
   </div>
   <div class='ocr_carea' id='block_1_3' title="bbox 878 1579 1190 1673">
    <p class='ocr_par' dir='ltr' id='par_1_3' title="bbox 878 1579 1190 1673">
     <span class='ocr_line' id='line_1_8' title="bbox 878 1579 1190 1673; baseline -0.01 -22"><span class='ocrx_word' id='word_1_45' title='bbox 878 1579 1005 1652; x_wconf 88' lang='lat' dir='ltr'>XXVll.</span> <span class='ocrx_word' id='word_1_46' title='bbox 1034 1587 1085 1651; x_wconf 85' lang='lat' dir='ltr'>‘De</span> <span class='ocrx_word' id='word_1_47' title='bbox 1102 1579 1190 1673; x_wconf 80' lang='lat' dir='ltr'>Tyro.</span> 
     </span>
    </p>
   </div>
   <div class='ocr_carea' id='block_1_4' title="bbox 517 1797 1554 4137">
    <p class='ocr_par' dir='ltr' id='par_1_4' title="bbox 517 1797 1554 3178">
     <span class='ocr_line' id='line_1_9' title="bbox 567 1797 1554 1896; baseline -0.007 -25"><span class='ocrx_word' id='word_1_48' title='bbox 567 1800 774 1872; x_wconf 87' lang='lat' dir='ltr'>Plurimatum</span> <span class='ocrx_word' id='word_1_49' title='bbox 785 1822 976 1896; x_wconf 86' lang='lat' dir='ltr'>peragrator</span> <span class='ocrx_word' id='word_1_50' title='bbox 986 1800 1161 1896; x_wconf 85' lang='lat' dir='ltr'>regionum</span> <span class='ocrx_word' id='word_1_51' title='bbox 1171 1797 1445 1889; x_wconf 80' lang='lat' dir='ltr'>nosterArculfus‚</span> <span class='ocrx_word' id='word_1_52' title='bbox 1455 1798 1554 1868; x_wconf 87' lang='lat' dir='ltr'>etiarn</span> 
     </span>
     <span class='ocr_line' id='line_1_10' title="bbox 517 1905 1554 2002; baseline -0.006 -24"><span class='ocrx_word' id='word_1_53' title='bbox 517 1909 654 1999; x_wconf 88' lang='lat' dir='ltr'>Tyrum,</span> <span class='ocrx_word' id='word_1_54' title='bbox 676 1906 842 1976; x_wconf 87' lang='lat' dir='ltr'>Phoenicis</span> <span class='ocrx_word' id='word_1_55' title='bbox 865 1907 1034 2002; x_wconf 85' lang='lat' dir='ltr'>provincie</span> <span class='ocrx_word' id='word_1_56' title='bbox 1056 1905 1279 2002; x_wconf 81' lang='lat' dir='ltr'>metropolim,</span> <span class='ocrx_word' id='word_1_57' title='bbox 1299 1905 1462 1990; x_wconf 87' lang='lat' dir='ltr'>introivit,</span> <span class='ocrx_word' id='word_1_58' title='bbox 1490 1928 1554 1998; x_wconf 91' lang='lat' dir='ltr'>que</span> 
     </span>
     <span class='ocr_line' id='line_1_11' title="bbox 519 2009 1553 2108; baseline 0 -28"><span class='ocrx_word' id='word_1_59' title='bbox 519 2010 674 2083; x_wconf 89' lang='lat' dir='ltr'>hebraico</span> <span class='ocrx_word' id='word_1_60' title='bbox 696 2016 730 2082; x_wconf 74' lang='grc' dir='ltr'>ἃ</span> <span class='ocrx_word' id='word_1_61' title='bbox 750 2014 821 2105; x_wconf 91' lang='lat' dir='ltr'>syro</span> <span class='ocrx_word' id='word_1_62' title='bbox 845 2013 994 2084; x_wconf 84' lang='lat' dir='ltr'>sermone</span> <span class='ocrx_word' id='word_1_63' title='bbox 1012 2011 1111 2105; x_wconf 66' lang='lat' dir='ltr'>‘ssor‘</span> <span class='ocrx_word' id='word_1_64' title='bbox 1130 2011 1323 2108; x_wconf 86' lang='lat' dir='ltr'>appellatur,</span> <span class='ocrx_word' id='word_1_65' title='bbox 1341 2036 1405 2107; x_wconf 89' lang='lat' dir='ltr'>que</span> <span class='ocrx_word' id='word_1_66' title='bbox 1426 2009 1553 2081; x_wconf 87' lang='lat' dir='ltr'>nullum</span> 
     </span>
     <span class='ocr_line' id='line_1_12' title="bbox 518 2118 1553 2218; baseline -0.005 -29"><span class='ocrx_word' id='word_1_67' title='bbox 518 2118 663 2191; x_wconf 85' lang='lat' dir='ltr'>habuisse</span> <span class='ocrx_word' id='word_1_68' title='bbox 676 2119 718 2191; x_wconf 88' lang='lat' dir='ltr'>de</span> <span class='ocrx_word' id='word_1_69' title='bbox 728 2145 809 2191; x_wconf 90' lang='lat' dir='ltr'>terra</span> <span class='ocrx_word' id='word_1_70' title='bbox 823 2121 994 2191; x_wconf 90' lang='lat' dir='ltr'>introitum</span> <span class='ocrx_word' id='word_1_71' title='bbox 1007 2122 1041 2190; x_wconf 93' lang='lat' dir='ltr'>in</span> <span class='ocrx_word' id='word_1_72' title='bbox 1054 2122 1157 2218; x_wconf 87' lang='lat' dir='ltr'>grecis</span> <span class='ocrx_word' id='word_1_73' title='bbox 1171 2124 1205 2191; x_wconf 70' lang='grc' dir='ltr'>ὅ(</span> <span class='ocrx_word' id='word_1_74' title='bbox 1220 2120 1327 2191; x_wconf 87' lang='lat' dir='ltr'>latinis</span> <span class='ocrx_word' id='word_1_75' title='bbox 1345 2118 1553 2214; x_wconf 81' lang='lat' dir='ltr'>barbarisque</span> 
     </span>
     <span class='ocr_line' id='line_1_13' title="bbox 518 2225 1553 2324; baseline 0 -28"><span class='ocrx_word' id='word_1_76' title='bbox 518 2227 653 2297; x_wconf 85' lang='lat' dir='ltr'>historiis</span> <span class='ocrx_word' id='word_1_77' title='bbox 678 2227 806 2324; x_wconf 86' lang='lat' dir='ltr'>legitur.</span> <span class='ocrx_word' id='word_1_78' title='bbox 840 2225 905 2298; x_wconf 88' lang='lat' dir='ltr'>Sed</span> <span class='ocrx_word' id='word_1_79' title='bbox 933 2228 1043 2323; x_wconf 87' lang='lat' dir='ltr'>postea</span> <span class='ocrx_word' id='word_1_80' title='bbox 1071 2255 1089 2298; x_wconf 92' lang='lat' dir='ltr'>a</span> <span class='ocrx_word' id='word_1_81' title='bbox 1118 2225 1442 2314; x_wconf 88' lang='lat' dir='ltr'>Nabuchodonosor,</span> <span class='ocrx_word' id='word_1_82' title='bbox 1476 2251 1553 2323; x_wconf 87' lang='lat' dir='ltr'>rege</span> 
     </span>
     <span class='ocr_line' id='line_1_14' title="bbox 518 2330 1552 2432; baseline -0.001 -29"><span class='ocrx_word' id='word_1_83' title='bbox 518 2333 756 2425; x_wconf 84' lang='lat' dir='ltr'>Chaldeorum,</span> <span class='ocrx_word' id='word_1_84' title='bbox 774 2335 910 2404; x_wconf 70' lang='lat' dir='ltr'>iactatos</span> <span class='ocrx_word' id='word_1_85' title='bbox 928 2331 993 2404; x_wconf 86' lang='lat' dir='ltr'>esse</span> <span class='ocrx_word' id='word_1_86' title='bbox 1007 2359 1143 2432; x_wconf 87' lang='lat' dir='ltr'>aggeres</span> <span class='ocrx_word' id='word_1_87' title='bbox 1158 2333 1307 2406; x_wconf 84' lang='lat' dir='ltr'>nonnulli</span> <span class='ocrx_word' id='word_1_88' title='bbox 1325 2330 1502 2423; x_wconf 83' lang='lat' dir='ltr'>affirmant,</span> <span class='ocrx_word' id='word_1_89' title='bbox 1518 2334 1552 2402; x_wconf 81' lang='lat' dir='ltr'>dt</span> 
     </span>
     <span class='ocr_line' id='line_1_15' title="bbox 518 2437 1551 2540; baseline -0.003 -27"><span class='ocrx_word' id='word_1_90' title='bbox 518 2443 770 2540; x_wconf 89' lang='lat' dir='ltr'>oppugnatione</span> <span class='ocrx_word' id='word_1_91' title='bbox 791 2440 903 2510; x_wconf 89' lang='lat' dir='ltr'>iaculis</span> <span class='ocrx_word' id='word_1_92' title='bbox 925 2444 959 2511; x_wconf 71' lang='grc' dir='ltr'>ὃ(</span> <span class='ocrx_word' id='word_1_93' title='bbox 981 2438 1133 2512; x_wconf 88' lang='lat' dir='ltr'>arietibus</span> <span class='ocrx_word' id='word_1_94' title='bbox 1152 2441 1267 2510; x_wconf 91' lang='lat' dir='ltr'>locum</span> <span class='ocrx_word' id='word_1_95' title='bbox 1291 2437 1382 2510; x_wconf 86' lang='lat' dir='ltr'>fuisse</span> <span class='ocrx_word' id='word_1_96' title='bbox 1399 2464 1551 2537; x_wconf 83' lang='lat' dir='ltr'>prepara·</span> 
     </span>
     <span class='ocr_line' id='line_1_16' title="bbox 519 2545 1545 2644; baseline -0.004 -24"><span class='ocrx_word' id='word_1_97' title='bbox 519 2575 599 2637; x_wconf 84' lang='lat' dir='ltr'>tum,</span> <span class='ocrx_word' id='word_1_98' title='bbox 622 2573 661 2618; x_wconf 92' lang='lat' dir='ltr'>ac</span> <span class='ocrx_word' id='word_1_99' title='bbox 679 2545 798 2617; x_wconf 90' lang='lat' dir='ltr'>deinde</span> <span class='ocrx_word' id='word_1_100' title='bbox 820 2547 957 2616; x_wconf 85' lang='lat' dir='ltr'>insitlam</span> <span class='ocrx_word' id='word_1_101' title='bbox 984 2548 1105 2619; x_wconf 74' lang='lat' dir='ltr'>fadlam</span> <span class='ocrx_word' id='word_1_102' title='bbox 1128 2545 1211 2618; x_wconf 65' lang='lat' dir='ltr'>essel</span> <span class='ocrx_word' id='word_1_103' title='bbox 1231 2547 1341 2644; x_wconf 87' lang='lat' dir='ltr'>campi</span> <span class='ocrx_word' id='word_1_104' title='bbox 1364 2545 1545 2643; x_wconf 84' lang='lat' dir='ltr'>planitiem.</span> 
     </span>
     <span class='ocr_line' id='line_1_17' title="bbox 518 2650 1550 2750; baseline -0.004 -23"><span class='ocrx_word' id='word_1_105' title='bbox 518 2659 591 2727; x_wconf 86' lang='lat' dir='ltr'>Hec</span> <span class='ocrx_word' id='word_1_106' title='bbox 616 2654 809 2750; x_wconf 91' lang='lat' dir='ltr'>pulchra&amp;</span> <span class='ocrx_word' id='word_1_107' title='bbox 833 2650 952 2724; x_wconf 86' lang='lat' dir='ltr'>nobilis</span> <span class='ocrx_word' id='word_1_108' title='bbox 978 2653 1074 2726; x_wconf 89' lang='lat' dir='ltr'>valde</span> <span class='ocrx_word' id='word_1_109' title='bbox 1098 2679 1175 2744; x_wconf 87' lang='lat' dir='ltr'>erat,</span> <span class='ocrx_word' id='word_1_110' title='bbox 1202 2680 1266 2749; x_wconf 90' lang='lat' dir='ltr'>que</span> <span class='ocrx_word' id='word_1_111' title='bbox 1289 2679 1358 2724; x_wconf 95' lang='lat' dir='ltr'>non</span> <span class='ocrx_word' id='word_1_112' title='bbox 1386 2654 1550 2724; x_wconf 90' lang='lat' dir='ltr'>immerito</span> 
     </span>
     <span class='ocr_line' id='line_1_18' title="bbox 518 2759 1549 2857; baseline -0.004 -23"><span class='ocrx_word' id='word_1_113' title='bbox 518 2763 617 2834; x_wconf 88' lang='lat' dir='ltr'>latine</span> <span class='ocrx_word' id='word_1_114' title='bbox 641 2763 868 2855; x_wconf 90' lang='lat' dir='ltr'>interpretatur</span> <span class='ocrx_word' id='word_1_115' title='bbox 891 2761 1046 2857; x_wconf 84' lang='lat' dir='ltr'>angusta3</span> <span class='ocrx_word' id='word_1_116' title='bbox 1068 2788 1146 2832; x_wconf 88' lang='lat' dir='ltr'>nam</span> <span class='ocrx_word' id='word_1_117' title='bbox 1164 2760 1305 2832; x_wconf 89' lang='lat' dir='ltr'>eandem</span> <span class='ocrx_word' id='word_1_118' title='bbox 1323 2785 1406 2832; x_wconf 87' lang='lat' dir='ltr'>terre</span> <span class='ocrx_word' id='word_1_119' title='bbox 1423 2759 1549 2831; x_wconf 89' lang='lat' dir='ltr'>dimen-</span> 
     </span>
     <span class='ocr_line' id='line_1_19' title="bbox 518 2864 1550 2964; baseline -0.001 -26"><span class='ocrx_word' id='word_1_120' title='bbox 518 2864 643 2939; x_wconf 83' lang='lat' dir='ltr'>sionem</span> <span class='ocrx_word' id='word_1_121' title='bbox 665 2867 835 2964; x_wconf 85' lang='lat' dir='ltr'>angustam</span> <span class='ocrx_word' id='word_1_122' title='bbox 860 2866 958 2938; x_wconf 90' lang='lat' dir='ltr'>habet</span> <span class='ocrx_word' id='word_1_123' title='bbox 983 2868 1085 2939; x_wconf 89' lang='lat' dir='ltr'>insula</span> <span class='ocrx_word' id='word_1_124' title='bbox 1108 2872 1142 2939; x_wconf 71' lang='grc' dir='ltr'>ὃ(</span> <span class='ocrx_word' id='word_1_125' title='bbox 1169 2869 1290 2938; x_wconf 87' lang='lat' dir='ltr'>civitas.</span> <span class='ocrx_word' id='word_1_126' title='bbox 1314 2867 1387 2936; x_wconf 87' lang='lat' dir='ltr'>Hec</span> <span class='ocrx_word' id='word_1_127' title='bbox 1413 2867 1550 2938; x_wconf 88' lang='lat' dir='ltr'>interra</span> 
     </span>
     <span class='ocr_line' id='line_1_20' title="bbox 519 2969 1550 3072; baseline -0.002 -26"><span class='ocrx_word' id='word_1_128' title='bbox 519 2974 682 3046; x_wconf 91' lang='lat' dir='ltr'>Chanaan</span> <span class='ocrx_word' id='word_1_129' title='bbox 699 2970 814 3070; x_wconf 86' lang='lat' dir='ltr'>pohta,</span> <span class='ocrx_word' id='word_1_130' title='bbox 833 2972 875 3043; x_wconf 91' lang='lat' dir='ltr'>de</span> <span class='ocrx_word' id='word_1_131' title='bbox 892 2999 958 3069; x_wconf 89' lang='lat' dir='ltr'>qua</span> <span class='ocrx_word' id='word_1_132' title='bbox 977 2975 1091 3045; x_wconf 86' lang='lat' dir='ltr'>mulier</span> <span class='ocrx_word' id='word_1_133' title='bbox 1104 2974 1286 3046; x_wconf 88' lang='lat' dir='ltr'>Chananea</span> <span class='ocrx_word' id='word_1_134' title='bbox 1301 2969 1365 3044; x_wconf 79' lang='lat' dir='ltr'>sive</span> <span class='ocrx_word' id='word_1_135' title='bbox 1381 2973 1550 3072; x_wconf 89' lang='lat' dir='ltr'>Tyrophe·</span> 
     </span>
     <span class='ocr_line' id='line_1_21' title="bbox 517 3079 1155 3178; baseline -0.002 -25"><span class='ocrx_word' id='word_1_136' title='bbox 517 3079 601 3153; x_wconf 90' lang='lat' dir='ltr'>nissa</span> <span class='ocrx_word' id='word_1_137' title='bbox 617 3083 653 3151; x_wconf 92' lang='lat' dir='ltr'>in</span> <span class='ocrx_word' id='word_1_138' title='bbox 672 3080 858 3178; x_wconf 79' lang='lat' dir='ltr'>Evangelio,</span> <span class='ocrx_word' id='word_1_139' title='bbox 877 3105 1084 3152; x_wconf 89' lang='lat' dir='ltr'>commorata</span> <span class='ocrx_word' id='word_1_140' title='bbox 1102 3081 1155 3152; x_wconf 86' lang='lat' dir='ltr'>est.</span> 
     </span>
    </p>

    <p class='ocr_par' dir='ltr' id='par_1_5' title="bbox 517 3183 1550 4137">
     <span class='ocr_line' id='line_1_22' title="bbox 567 3183 1549 3284; baseline -0.004 -24"><span class='ocrx_word' id='word_1_141' title='bbox 567 3186 763 3260; x_wconf 91' lang='lat' dir='ltr'>Notandum</span> <span class='ocrx_word' id='word_1_142' title='bbox 780 3189 887 3284; x_wconf 89' lang='lat' dir='ltr'>itaque</span> <span class='ocrx_word' id='word_1_143' title='bbox 905 3189 959 3278; x_wconf 86' lang='lat' dir='ltr'>est,</span> <span class='ocrx_word' id='word_1_144' title='bbox 979 3187 1071 3284; x_wconf 92' lang='lat' dir='ltr'>quod</span> <span class='ocrx_word' id='word_1_145' title='bbox 1089 3191 1188 3261; x_wconf 73' lang='lat' dir='ltr'>sandli</span> <span class='ocrx_word' id='word_1_146' title='bbox 1209 3186 1330 3259; x_wconf 76' lang='lat' dir='ltr'>Arculfi</span> <span class='ocrx_word' id='word_1_147' title='bbox 1343 3186 1386 3257; x_wconf 91' lang='lat' dir='ltr'>de</span> <span class='ocrx_word' id='word_1_148' title='bbox 1403 3183 1462 3257; x_wconf 86' lang='lat' dir='ltr'>situ</span> <span class='ocrx_word' id='word_1_149' title='bbox 1475 3187 1549 3278; x_wconf 86' lang='lat' dir='ltr'>Tyri</span> 
     </span>
     <span class='ocr_line' id='line_1_23' title="bbox 518 3291 1550 3393; baseline -0.007 -25"><span class='ocrx_word' id='word_1_150' title='bbox 518 3299 553 3368; x_wconf 78' lang='grc' dir='ltr'>δι</span> <span class='ocrx_word' id='word_1_151' title='bbox 578 3294 619 3366; x_wconf 89' lang='lat' dir='ltr'>de</span> <span class='ocrx_word' id='word_1_152' title='bbox 641 3293 697 3365; x_wconf 80' lang='lat' dir='ltr'>situ</span> <span class='ocrx_word' id='word_1_153' title='bbox 717 3296 838 3365; x_wconf 86' lang='lat' dir='ltr'>montis</span> <span class='ocrx_word' id='word_1_154' title='bbox 856 3293 1011 3366; x_wconf 76' lang='lat' dir='ltr'>Thabor‘</span> <span class='ocrx_word' id='word_1_155' title='bbox 1030 3295 1144 3366; x_wconf 87' lang='lat' dir='ltr'>relatio</span> <span class='ocrx_word' id='word_1_156' title='bbox 1162 3320 1221 3393; x_wconf 90' lang='lat' dir='ltr'>per</span> <span class='ocrx_word' id='word_1_157' title='bbox 1239 3296 1351 3366; x_wconf 89' lang='lat' dir='ltr'>omnia</span> <span class='ocrx_word' id='word_1_158' title='bbox 1368 3291 1550 3365; x_wconf 80' lang='lat' dir='ltr'>concordat</span> 
     </span>
     <span class='ocr_line' id='line_1_24' title="bbox 518 3401 1549 3501; baseline -0.001 -31"><span class='ocrx_word' id='word_1_159' title='bbox 518 3425 595 3471; x_wconf 90' lang='lat' dir='ltr'>curn</span> <span class='ocrx_word' id='word_1_160' title='bbox 613 3401 673 3492; x_wconf 86' lang='lat' dir='ltr'>his,</span> <span class='ocrx_word' id='word_1_161' title='bbox 688 3427 752 3497; x_wconf 90' lang='lat' dir='ltr'>que</span> <span class='ocrx_word' id='word_1_162' title='bbox 765 3403 908 3501; x_wconf 86' lang='lat' dir='ltr'>superius</span> <span class='ocrx_word' id='word_1_163' title='bbox 927 3402 968 3473; x_wconf 91' lang='lat' dir='ltr'>de</span> <span class='ocrx_word' id='word_1_164' title='bbox 985 3405 1085 3475; x_wconf 77' lang='lat' dir='ltr'>sandli</span> <span class='ocrx_word' id='word_1_165' title='bbox 1099 3403 1294 3494; x_wconf 88' lang='lat' dir='ltr'>Hieronymi</span> <span class='ocrx_word' id='word_1_166' title='bbox 1307 3401 1549 3471; x_wconf 83' lang='lat' dir='ltr'>commentariis</span> 
     </span>
     <span class='ocr_line' id='line_1_25' title="bbox 522 3505 1549 3605; baseline -0.003 -28"><span class='ocrx_word' id='word_1_167' title='bbox 522 3532 675 3605; x_wconf 87' lang='lat' dir='ltr'>excerpta</span> <span class='ocrx_word' id='word_1_168' title='bbox 692 3508 874 3580; x_wconf 86' lang='lat' dir='ltr'>detulimus.</span> <span class='ocrx_word' id='word_1_169' title='bbox 893 3509 1090 3581; x_wconf 85' lang='lat' dir='ltr'>Similiter&amp;</span> <span class='ocrx_word' id='word_1_170' title='bbox 1107 3536 1156 3599; x_wconf 89' lang='lat' dir='ltr'>ea,</span> <span class='ocrx_word' id='word_1_171' title='bbox 1171 3534 1234 3604; x_wconf 90' lang='lat' dir='ltr'>que</span> <span class='ocrx_word' id='word_1_172' title='bbox 1255 3508 1349 3603; x_wconf 90' lang='lat' dir='ltr'>supra</span> <span class='ocrx_word' id='word_1_173' title='bbox 1367 3505 1410 3576; x_wconf 89' lang='lat' dir='ltr'>de</span> <span class='ocrx_word' id='word_1_174' title='bbox 1427 3507 1549 3577; x_wconf 80' lang='lat' dir='ltr'>montis</span> 
     </span>
     <span class='ocr_line' id='line_1_26' title="bbox 517 3611 1548 3706; baseline -0.002 -22"><span class='ocrx_word' id='word_1_175' title='bbox 517 3611 652 3685; x_wconf 91' lang='lat' dir='ltr'>Thabor</span> <span class='ocrx_word' id='word_1_176' title='bbox 674 3613 732 3685; x_wconf 91' lang='lat' dir='ltr'>situ</span> <span class='ocrx_word' id='word_1_177' title='bbox 749 3618 784 3686; x_wconf 75' lang='grc' dir='ltr'>δε</span> <span class='ocrx_word' id='word_1_178' title='bbox 803 3617 921 3706; x_wconf 89' lang='lat' dir='ltr'>forma,</span> <span class='ocrx_word' id='word_1_179' title='bbox 940 3617 1028 3688; x_wconf 83' lang='lat' dir='ltr'>iuxta</span> <span class='ocrx_word' id='word_1_180' title='bbox 1053 3617 1151 3688; x_wconf 74' lang='lat' dir='ltr'>sancii</span> <span class='ocrx_word' id='word_1_181' title='bbox 1173 3613 1295 3685; x_wconf 78' lang='lat' dir='ltr'>Arculsi</span> <span class='ocrx_word' id='word_1_182' title='bbox 1317 3614 1548 3702; x_wconf 88' lang='lat' dir='ltr'>narrationem,</span> 
     </span>
     <span class='ocr_line' id='line_1_27' title="bbox 518 3718 1546 3818; baseline -0.001 -27"><span class='ocrx_word' id='word_1_183' title='bbox 518 3718 750 3816; x_wconf 82' lang='lat' dir='ltr'>descriphmus,</span> <span class='ocrx_word' id='word_1_184' title='bbox 772 3721 863 3792; x_wconf 90' lang='lat' dir='ltr'>nullo</span> <span class='ocrx_word' id='word_1_185' title='bbox 881 3720 1065 3818; x_wconf 88' lang='lat' dir='ltr'>discrepant</span> <span class='ocrx_word' id='word_1_186' title='bbox 1082 3720 1186 3792; x_wconf 92' lang='lat' dir='ltr'>modo</span> <span class='ocrx_word' id='word_1_187' title='bbox 1206 3718 1246 3792; x_wconf 87' lang='lat' dir='ltr'>ab</span> <span class='ocrx_word' id='word_1_188' title='bbox 1265 3721 1323 3811; x_wconf 87' lang='lat' dir='ltr'>his,</span> <span class='ocrx_word' id='word_1_189' title='bbox 1350 3745 1414 3815; x_wconf 92' lang='lat' dir='ltr'>que</span> <span class='ocrx_word' id='word_1_190' title='bbox 1433 3718 1476 3790; x_wconf 85' lang='lat' dir='ltr'>de</span> <span class='ocrx_word' id='word_1_191' title='bbox 1493 3718 1546 3790; x_wconf 84' lang='lat' dir='ltr'>situ</span> 
     </span>
     <span class='ocr_line' id='line_1_28' title="bbox 518 3826 1547 3919; baseline -0.003 -21"><span class='ocrx_word' id='word_1_192' title='bbox 518 3826 663 3898; x_wconf 89' lang='lat' dir='ltr'>eiusdem</span> <span class='ocrx_word' id='word_1_193' title='bbox 681 3830 801 3898; x_wconf 87' lang='lat' dir='ltr'>montis</span> <span class='ocrx_word' id='word_1_194' title='bbox 818 3831 853 3900; x_wconf 76' lang='grc' dir='ltr'>ἅ</span> <span class='ocrx_word' id='word_1_195' title='bbox 871 3829 953 3899; x_wconf 90' lang='lat' dir='ltr'>mira</span> <span class='ocrx_word' id='word_1_196' title='bbox 969 3827 1169 3899; x_wconf 88' lang='lat' dir='ltr'>rotunditate</span> <span class='ocrx_word' id='word_1_197' title='bbox 1186 3829 1312 3900; x_wconf 70' lang='lat' dir='ltr'>sandius</span> <span class='ocrx_word' id='word_1_198' title='bbox 1326 3826 1547 3919; x_wconf 86' lang='lat' dir='ltr'>Hieronymus</span> 
     </span>
     <span class='ocr_line' id='line_1_29' title="bbox 518 3930 1546 4030; baseline -0.003 -25"><span class='ocrx_word' id='word_1_199' title='bbox 518 3957 635 4005; x_wconf 88' lang='lat' dir='ltr'>narrat.</span> <span class='ocrx_word' id='word_1_200' title='bbox 655 3937 685 4005; x_wconf 88' lang='grc' dir='ltr'>Α</span> <span class='ocrx_word' id='word_1_201' title='bbox 704 3960 771 4030; x_wconf 93' lang='lat' dir='ltr'>quo</span> <span class='ocrx_word' id='word_1_202' title='bbox 785 3933 937 4006; x_wconf 89' lang='lat' dir='ltr'>videlicet</span> <span class='ocrx_word' id='word_1_203' title='bbox 952 3931 1088 4006; x_wconf 89' lang='lat' dir='ltr'>Thabor</span> <span class='ocrx_word' id='word_1_204' title='bbox 1105 3959 1219 4008; x_wconf 88' lang='lat' dir='ltr'>monte</span> <span class='ocrx_word' id='word_1_205' title='bbox 1235 3933 1336 4028; x_wconf 88' lang='lat' dir='ltr'>usque</span> <span class='ocrx_word' id='word_1_206' title='bbox 1353 3930 1398 4004; x_wconf 88' lang='lat' dir='ltr'>ad</span> <span class='ocrx_word' id='word_1_207' title='bbox 1412 3931 1546 4004; x_wconf 78' lang='lat' dir='ltr'>Damas·</span> 
     </span>
     <span class='ocr_line' id='line_1_30' title="bbox 519 4037 1153 4137; baseline 0.002 -28"><span class='ocrx_word' id='word_1_208' title='bbox 519 4063 595 4110; x_wconf 91' lang='lat' dir='ltr'>curn</span> <span class='ocrx_word' id='word_1_209' title='bbox 612 4041 671 4112; x_wconf 89' lang='lat' dir='ltr'>iter</span> <span class='ocrx_word' id='word_1_210' title='bbox 687 4039 833 4137; x_wconf 78' lang='lat' dir='ltr'>septemd</span> <span class='ocrx_word' id='word_1_211' title='bbox 848 4037 974 4111; x_wconf 89' lang='lat' dir='ltr'>dierum</span> <span class='ocrx_word' id='word_1_212' title='bbox 991 4041 1153 4112; x_wconf 78' lang='lat' dir='ltr'>interest.e</span> 
     </span>
    </p>
   </div>
   <div class='ocr_carea' id='block_1_5' title="bbox 518 4246 1546 4385">
    <p class='ocr_par' dir='ltr' id='par_1_6' title="bbox 518 4246 1546 4385">
     <span class='ocr_line' id='line_1_31' title="bbox 554 4246 1546 4320; baseline -0.01 -17"><span class='ocrx_word' id='word_1_213' title='bbox 554 4269 577 4304; x_wconf 87' lang='lat' dir='ltr'>a.</span> <span class='ocrx_word' id='word_1_214' title='bbox 595 4252 666 4320; x_wconf 73' lang='lat' dir='ltr'>Mffl,</span> <span class='ocrx_word' id='word_1_215' title='bbox 679 4255 718 4305; x_wconf 83' lang='lat' dir='ltr'>ed.</span> <span class='ocrx_word' id='word_1_216' title='bbox 735 4255 804 4306; x_wconf 83' lang='lat' dir='ltr'>Soar.</span> <span class='ocrx_word' id='word_1_217' title='bbox 825 4281 858 4292; x_wconf 91' lang='lat'><em>-</em></span> <span class='ocrx_word' id='word_1_218' title='bbox 878 4253 904 4304; x_wconf 88' lang='lat' dir='ltr'>b.</span> <span class='ocrx_word' id='word_1_219' title='bbox 920 4252 960 4318; x_wconf 63' lang='grc' dir='ltr'>ἃς</span> <span class='ocrx_word' id='word_1_220' title='bbox 977 4253 1001 4304; x_wconf 77' lang='grc' dir='ltr'>δι</span> <span class='ocrx_word' id='word_1_221' title='bbox 1065 4279 1097 4292; x_wconf 89' lang='grc'><strong>-</strong></span> <span class='ocrx_word' id='word_1_222' title='bbox 1108 4250 1133 4302; x_wconf 92' lang='lat' dir='ltr'>d.</span> <span class='ocrx_word' id='word_1_223' title='bbox 1146 4249 1183 4302; x_wconf 78' lang='lat' dir='ltr'>As.</span> <span class='ocrx_word' id='word_1_224' title='bbox 1194 4249 1259 4301; x_wconf 70' lang='lat' dir='ltr'>osio.</span> <span class='ocrx_word' id='word_1_225' title='bbox 1273 4274 1306 4286; x_wconf 94' lang='lat'><em>-</em></span> <span class='ocrx_word' id='word_1_226' title='bbox 1316 4263 1336 4298; x_wconf 84' lang='lat' dir='ltr'>e.</span> <span class='ocrx_word' id='word_1_227' title='bbox 1347 4246 1384 4309; x_wconf 70' lang='lat' dir='ltr'>h,</span> <span class='ocrx_word' id='word_1_228' title='bbox 1394 4247 1546 4314; x_wconf 55' lang='lat' dir='ltr'>&amp;quatum</span> 
     </span>
     <span class='ocr_line' id='line_1_32' title="bbox 518 4329 1001 4385; baseline -0.006 -2"><span class='ocrx_word' id='word_1_229' title='bbox 518 4331 603 4384; x_wconf 79' lang='lat' dir='ltr'>omitto.</span> <span class='ocrx_word' id='word_1_230' title='bbox 612 4361 644 4371; x_wconf 91' lang='lat'>-</span> <span class='ocrx_word' id='word_1_231' title='bbox 654 4349 675 4385; x_wconf 92' lang='lat' dir='ltr'>c.</span> <span class='ocrx_word' id='word_1_232' title='bbox 683 4335 787 4385; x_wconf 71' lang='lat' dir='ltr'>‘sanim</span> <span class='ocrx_word' id='word_1_233' title='bbox 797 4333 822 4384; x_wconf 84' lang='lat' dir='ltr'>L.</span> <span class='ocrx_word' id='word_1_234' title='bbox 834 4329 915 4384; x_wconf 86' lang='lat' dir='ltr'>desrtu</span> <span class='ocrx_word' id='word_1_235' title='bbox 925 4347 957 4381; x_wconf 96' lang='lat' dir='ltr'>m.</span> <span class='ocrx_word' id='word_1_236' title='bbox 965 4329 1001 4382; x_wconf 92' lang='lat' dir='ltr'>T.</span> 
     </span>
    </p>
   </div>
   <div class='ocr_carea' id='block_1_6' title="bbox 0 0 1682 5701">
    <p class='ocr_par' dir='ltr' id='par_1_7' title="bbox 0 0 1682 5701">
     <span class='ocr_line' id='line_1_33' title="bbox 0 0 1682 5701; baseline 0 0"><span class='ocrx_word' id='word_1_237' title='bbox 0 0 1682 5701; x_wconf 95' lang='lat' dir='ltr'> </span> 
     </span>
    </p>
   </div>
  </div>
 </body>
</html>
