3396 5708
952 519 1059 615 (400)

550 755 714 840 Postquam
729 756 872 820 Romana
886 758 1013 822 dirceffit
1028 759 1158 823 Alexius
1172 759 1257 838 urbe,

549 844 681 994 guestio
695 846 740 926 fit,
754 844 877 929 sponsus
891 848 942 911 ubi
959 846 1009 926 srt;
1023 849 1070 912 sed
1086 871 1149 912 non
1163 851 1322 932 reperitur.

550 933 964 1108 Q‘rt'dtlnsll'jgdlt
977 937 1431 1108 lllffisslllsslsslt..s..

550 1109 619 1172 Nec
635 1130 708 1173 mox
724 1111 895 1176 discurrunt
909 1113 1026 1177 domini
1042 1115 1208 1197 quaerendo
1223 1112 1361 1192 ministri,

548 1196 646 1282 Ediffl
660 1198 788 1263 veniunt
802 1199 926 1283 quidam
942 1202 978 1264 ad
995 1203 1111 1267 moenia
1123 1202 1208 1264 miffi.

548 1281 634 1347 Inter
649 1288 808 1352 mendicos
824 1286 972 1353 residebat
986 1291 1117 1355 Alexius
1132 1290 1192 1353 ille.

549 1373 581 1435 N
583 1396 619 1437 ec
634 1391 736 1440 tamen
747 1379 830 1441 hunc
844 1378 982 1458 noscunt,
1000 1378 1049 1442 sed
1063 1379 1157 1442 &hic
1172 1378 1250 1440 bene
1263 1391 1389 1440 noverat
1400 1374 1479 1440 illos.

475 1538 480 1549 Ι
550 1461 579 1524 Α
595 1467 727 1546 propriis
742 1465 864 1530 famulis
878 1469 1013 1549 gaudens
1029 1469 1079 1550 pia
1092 1469 1175 1530 dona
1189 1465 1313 1549 recepit.

548 1548 631 1633 Ergo
648 1551 721 1616 Deo
736 1554 841 1618 retulit
856 1572 964 1639 grates,
979 1578 1104 1641 quoque
1118 1555 1191 1620 talia
1205 1553 1293 1616 dixit:

549 1663 562 1694 ι
580 1638 692 1703 Reddo
707 1640 781 1706 Deo
795 1659 906 1726 grates,
920 1645 1003 1729 quod
1019 1641 1060 1707 sic
1075 1666 1134 1724 me,
1148 1641 1280 1722 Christe,
1294 1640 1409 1720 iurasti,

550 1751 562 1784 ‹
581 1727 628 1790 Ut
641 1751 701 1811 que
714 1730 830 1814 cepisti,
846 1755 921 1816 rogo
936 1731 1076 1815 perficias
1091 1733 1122 1796 in
1137 1754 1197 1811 me,

550 1840 563 1872 ‹
582 1815 639 1879 Me
655 1818 746 1883 facias
760 1821 855 1882 vitam
869 1820 1025 1905 complere
1040 1819 1101 1885 fine
1116 1822 1213 1885 beate.
1232 1844 1245 1877 ι

548 1902 641 1966 Hunc
656 1927 719 1968 non
735 1907 904 1990 inveniunt,
919 1909 1037 1973 fuerant
1051 1911 1103 1994 qui
1119 1929 1254 1994 quaerere
1269 1907 1352 1972 miffi.

549 1991 630 2056 Mox
644 1995 771 2061 veniunt
785 1996 815 2061 δι
830 2019 892 2060 non
906 1997 1041 2061 referunt
1055 2001 1105 2082 pia
1118 1997 1230 2083 gaudia
1244 1997 1329 2080 patri.

548 2175 673 2258 Septem
686 2202 758 2264 cum
773 2181 860 2246 denis
874 2182 915 2245 ibi
931 2183 1038 2248 mansit
1053 2183 1181 2248 Alexius
1196 2183 1293 2262 annis,

547 2264 617 2328 Post
632 2284 750 2332 tantum
765 2286 885 2354 tempus
900 2271 1003 2338 nullus
1018 2272 1216 2356 cognoscerat
1229 2271 1300 2356 (stc)
1314 2268 1412 2333 illum.

547 2354 716 2420 Notificare
731 2358 837 2424 volens
852 2361 917 2426 eius
930 2361 1026 2424 vitam
1041 2361 1091 2444 pia
1106 2361 1217 2445 Virgo,

548 2443 638 2508 Dixit
652 2446 768 2510 custodi
784 2447 916 2511 Domini
931 2450 1086 2532 genitricis
1099 2469 1230 2534 ymago:

549 2557 562 2589 ι
580 2529 728 2598 Introduc
743 2537 893 2599 famulum
907 2539 1060 2621 quendam
1075 2538 1210 2600 nostrum
1225 2536 1440 2620 peregrinum

428 2679 432 2686 .
549 2644 561 2677 ‹
581 2619 634 2683 Est
647 2624 761 2685 etenim
776 2625 857 2690 coelo
873 2647 1000 2709 magnus
1014 2648 1139 2710 quoque
1154 2625 1264 2709 dignus
1277 2623 1406 2686 honore.
1423 2646 1436 2679 ι

548 2709 712 2774 Accelerat
726 2711 827 2777 custos
842 2712 991 2777 Dominae
1005 2715 1147 2778 mandata
1159 2711 1285 2796 replere.

548 2796 604 2860 Ast
618 2798 697 2863 inter
711 2801 846 2885 reliquos
861 2803 970 2887 inopes
984 2825 1047 2867 non
1063 2819 1191 2867 noverat
1205 2801 1302 2864 illum.

550 2885 632 2950 Mox
647 2888 797 2972 templum
813 2889 943 2954 Domini
962 2889 1133 2958 Genitricis
1149 2889 1277 2954 Alexius
1292 2889 1392 2951 intrat

550 2973 623 3037 Hoc
637 2976 751 3040 fadlurn
766 2978 940 3063 divolgatur
955 2979 1130 3063 sandiusque
1145 2978 1300 3063 probatur.

549 3063 597 3126 Ut
610 3067 713 3129 veniat
730 3065 857 3154 Tarstm,
870 3068 1017 3132 Laudoria
1030 3068 1135 3132 littora
1147 3065 1273 3130 scandit.
1291 3091 1304 3124 s

560 3232 736 3306 [Anonymus,
750 3235 809 3289 Vita
815 3236 843 3304 s.
860 3237 955 3305 Alexij,
969 3255 1010 3291 vv.
1026 3255 1119 3305 295¹,
1133 3239 1222 3303 ⁶2-69‚
1242 3252 1321 3302 77-79
1332 3235 1427 3305 (thr.
1438 3235 1521 3292 Mad*-

487 3328 572 3379 mann,
585 3315 660 3368 Sane
670 3313 775 3370 Alexius
790 3317 877 3384 Liber,
889 3335 930 3388 pp.
947 3319 1089 3385 ¹⁷7·179)·l

548 3511 561 3544 ‹
591 3486 724 3570 Sponsus
738 3490 803 3552 exit
817 3490 996 3570 thalamum,
1009 3491 1112 3574 sponsa
1126 3511 1190 3554 rem
1206 3491 1335 3553 mirante

590 3575 631 3638 Et
646 3577 807 3660 frigentem
822 3578 969 3642 ledlulum
983 3579 1117 3643 lacrimis
1131 3594 1265 3658 rorante,

529 3677 536 3684 ·
590 3661 633 3726 Et
646 3680 751 3747 parato
765 3666 868 3729 navita
883 3687 992 3730 navem
1007 3684 1194 3750 praeparente

587 3747 698 3814 Fertur
712 3751 878 3817 Laodiciam
894 3752 967 3820 Deo
982 3753 1184 3838 prosperante.

548 3835 661 3903 Forma
675 3840 788 3906 Christi
802 3843 940 3927 corporis
953 3859 1017 3907 erat
1031 3859 1104 3907 tunc
1118 3842 1219 3928 Edeffe

588 3925 695 4015 Quam
710 3951 773 3993 non
788 3953 867 4014 opus
881 3931 1016 3996 hominis
1030 3929 1196 3995 afferebant
1210 3927 1286 4008 elle;

585 4015 681 4099 Rapit
694 4018 755 4081 huc
770 4017 899 4083 Alexius
914 4020 971 4083 iter
983 4019 1136 4099 indefelse,

587 4101 726 4188 Erogans
739 4107 771 4168 in
786 4128 957 4190 pauperum
971 4109 1097 4192 propria
1109 4105 1235 4174 necell'e.

547 4192 630 4257 Cum
645 4193 751 4259 diebus
765 4193 887 4278 singulis
901 4194 1006 4259 villam
1019 4197 1173 4278 circuiret,

586 4281 631 4346 Ut
646 4283 786 4348 ciborum
800 4287 923 4368 copiam
938 4309 1077 4372 querens
1092 4289 1250 4367 inveniret,
