3446 5706
551 542 759 596 uncrrouus
783 542 928 596 vntum
1188 541 1254 622 395

1024 662 1247 674 ..ι-η--ι--ι-

684 842 717 909 P.
735 861 808 928 147:

227 1045 246 1107 1.
266 1064 290 1123 1,
305 1059 350 1106 ter
364 1044 437 1126 deest
449 1043 488 1105 A.

227 1138 246 1200 l.
261 1158 290 1219 4,
304 1135 447 1220 tegurioli
462 1135 501 1197 A.

227 1226 247 1289 l.
262 1227 291 1305 6,
304 1225 461 1288 exterioris
475 1226 515 1285 A.

227 1315 248 1379 Ι.
262 1333 291 1397 7,
305 1334 398 1396 parva
413 1310 571 1374 sustentata
585 1331 658 1372 crux
674 1310 712 1372 A.

227 1403 247 1466 l.
263 1419 292 1484 7,
305 1400 445 1484 tegorioli
461 1400 499 1462 A.

227 1493 247 1555 Ι.
261 1491 290 1570 8,
304 1489 467 1574 aquilonea
480 1489 523 1569 X,
542 1487 574 1568 Y,
588 1487 743 1572 aquilonia
758 1488 789 1550 A
795 1519 808 1560 ,-
820 1525 860 1536 -
874 1491 905 1551 in
921 1487 1028 1552 eadem
1043 1500 1126 1569 parte
1141 1483 1183 1547 X.

228 1582 247 1643 l.
262 1601 291 1663 9,
306 1580 413 1662 tegorii
429 1579 467 1641 A.

228 1671 248 1733 l.
266 1689 311 1748 11,
326 1668 361 1731 ad
378 1666 572 1750 sepulchrum
592 1665 624 1729 Y.

228 1759 247 1822 l.
266 1778 311 1837 11,
322 1759 383 1840 post
396 1756 534 1818 mensura
548 1756 613 1818 add.
629 1756 660 1818 A
664 1782 674 1818 .·
694 1777 712 1817 a
726 1756 842 1838 poplite
857 1755 950 1839 usque
964 1757 1000 1816 ad
1016 1750 1196 1817 auriculam.

228 1849 247 1910 l.
266 1865 311 1924 12,
326 1846 435 1909 habere
451 1842 615 1907 dinoscitur
632 1844 670 1907 A.

227 1935 246 1998 l.
266 1953 311 2018 13,
324 1933 392 2016 sepe
406 1935 478 2014 deest
490 1933 529 1995 A.

227 2025 246 2088 l.
265 2043 311 2105 15,
325 2022 491 2105 proprietas
506 2021 553 2083 vel
569 2022 635 2084 add.
650 2020 690 2102 A,
705 2023 784 2085 inter
798 2023 871 2099 ticeli
886 2023 927 2084 X.

228 2113 246 2176 l.
266 2115 310 2191 16,
324 2111 354 2174 61
368 2109 485 2192 semper
499 2110 530 2172 A
536 2141 548 2182 ‚·
562 2109 630 2192 sepe
643 2111 730 2194 supra
744 2112 782 2174 A.

227 2202 247 2264 l.
266 2219 311 2285 17,
325 2199 476 2283 tegurium
491 2198 530 2261 A.

227 2292 246 2354 l.
265 2291 310 2370 18,
324 2289 361 2351 ab
376 2289 441 2350 eius
457 2304 524 2350 orto
540 2289 582 2352 X.

226 2380 246 2443 l.
261 2397 310 2458 2ο,
324 2377 473 2460 prophete
488 2376 526 2439 X
527 2409 539 2450 ‚·
554 2377 605 2440 ille
620 2378 706 2440 locus
721 2380 751 2438 A
758 2408 770 2449 ,·
785 2376 902 2458 tegurio
918 2375 957 2437 A.

227 2466 245 2529 l.
261 2486 310 2550 23,
322 2467 377 2530 loco
391 2466 504 2549 septem
519 2468 621 2531 babent
634 2467 676 2544 X,
694 2466 727 2546 Y,
742 2481 882 2550 quatuor;
901 2501 933 2510 -
950 2466 980 2525 in
996 2465 1067 2544 deest
1079 2462 1118 2524 A.

225 2557 246 2619 l.
261 2558 309 2636 26,
323 2557 361 2618 de
375 2556 437 2638 ipsa
452 2573 538 2639 petra
552 2555 747 2620 maceriolam
761 2555 875 2617 habens
897 2552 1027 2616 excisam
1046 2555 1076 2613 Υ
1079 2581 1088 2627 3
1109 2551 1259 2613 macerio-

266 2644 327 2707 lam
342 2661 428 2727 petra
444 2646 558 2709 habens
572 2645 701 2708 excisam
717 2644 758 2706 X.

674 2841 704 2912 P.
728 2844 812 2940 148:

226 3053 245 3114 Ι.
260 3069 289 3130 r,
302 3051 418 3113 humile
432 3053 504 3134 dress
516 3052 547 3114 A
555 3079 563 3126 ;
580 3052 761 3113 fabricatum
775 3043 809 3130 A,
825 3051 855 3113 in
870 3071 933 3133 quo
948 3050 1056 3133 utique
1071 3049 1112 3110 X.

225 3143 245 3202 l.
261 3157 289 3222 3,
303 3140 432 3202 dudenae
451 3142 481 3201 Y
480 3172 492 3213 ,·
507 3140 560 3202 loco
574 3140 739 3202 duodecim
753 3140 837 3203 babet
849 3138 879 3203 A
893 3139 1075 3203 sanstorum.

225 3229 245 3290 l.
259 3229 289 3307 8,
303 3229 500 3311 praefulgente
516 3229 553 3292 X
556 3257 564 3305 3
579 3227 793 3312 praefulgentes
812 3232 842 3291 Y
842 3258 852 3306 ;
869 3227 1049 3312 praefulgent
1064 3226 1103 3290 A.

225 3317 245 3378 l.
259 3317 342 3400 9-16,
357 3316 404 3378 sed
421 3318 524 3380 &hoc
539 3365 546 3380 .
559 3365 566 3379 .
581 3365 588 3380 .
605 3364 611 3379 .
627 3318 769 3381 videbitis
782 3319 855 3402 deest
869 3319 911 3398 X,
931 3319 965 3378 Y.

226 3405 245 3468 l.
264 3407 308 3484 16,
328 3428 430 3468 novum
452 3411 482 3468 A
510 3407 661 3490 capitulum
686 3407 789 3490 incipit,
818 3408 894 3469 cuias
919 3406 1028 3468 titulus:
1060 3405 1110 3468 De
1135 3405 1260 3468 ecclesia

265 3494 372 3557 sarnetae
387 3493 498 3558 Mariae
513 3493 629 3577 semper
642 3497 767 3579 virginis
783 3499 873 3558 undae
886 3497 1013 3559 coheret
1027 3493 1170 3559 ecclesrae.

226 3583 245 3644 l.
266 3601 311 3666 17,
324 3583 462 3646 rotundae
477 3585 600 3663 111111,
621 3585 655 3664 Υ,
670 3585 708 3647 A.

226 3671 245 3734 l.
265 3670 309 3749 18,
324 3671 473 3754 tegoriolo
488 3670 528 3734 A.

227 3759 246 3822 l.
265 3779 310 3844 19,
323 3760 437 3822 habent
451 3761 492 3823 X.

227 3847 249 3910 i.
264 3867 313 3927 2ο,
326 3848 436 3932 figuras
452 3850 491 3912 A.

226 3938 245 4001 l.
259 3957 308 4018 21,
319 3941 380 4023 71ss
393 3963 485 4002 vocem
497 3939 685 4002 intimabitur
700 3940 742 4017 X,
761 3941 792 4000 Y
800 3940 933 4002 collocant
946 3962 1009 4023 quae
1022 3939 1143 4023 infirius
1154 3953 1183 4023 p.
1203 3957 1254 4018 151

265 4029 353 4111 legere
367 4031 414 4112 cst,
428 4029 448 4091 l.
467 4046 574 4112 13-19:
590 4029 620 4090 in
636 4030 744 4092 eadem
757 4027 904 4090 ecclesia..
915 4074 937 4092 ..
949 4027 1258 4111 mysteria—Deinde

267 4141 335 4180 vero
346 4118 385 4179 X
381 4118 529 4206 sequentia
544 4117 669 4179 addidit:
686 4117 737 4179 De
749 4115 1002 4182 Constantiniana
1017 4117 1144 4180 basilica.
1160 4113 1258 4180 Cons-

266 4206 433 4269 tantiniana
447 4204 567 4268 basilica
585 4204 628 4267 est
649 4207 679 4268 in
694 4227 732 4269 eo
747 4205 829 4284 locu,
849 4206 901 4267 ubi
916 4227 992 4269 crux
1005 4205 1162 4267 dominica
1185 4225 1256 4268 cum

267 4296 347 4360 binis
362 4293 516 4358 latronum
531 4294 672 4358 crucibus
685 4295 737 4382 sup
760 4341 767 4358 .
783 4342 790 4359 .
806 4341 813 4358 .
830 4337 836 4350 ·
852 4310 931 4360 terra
944 4311 1063 4381 reperta
1077 4294 1107 4357 δι
1121 4295 1257 4362 extracta
