3448 5718
291 527 383 580 x-xs.
410 519 697 578 nonoeeomcou
715 517 856 576 senen
875 517 1120 574 wuuencm.
1154 497 1246 572 xxxix

687 837 784 910 Χ-ΧΙ

386 1044 669 1102 nonoeeomcou
685 1041 1073 1097 sAucT1w1mueun1.

258 1241 283 1282 a.
298 1219 454 1302 Scriptum
468 1240 486 1282 a
499 1217 719 1281 santiimoniali
733 1211 1021 1301 Heydenhcimenst.

256 1341 283 1404 S.
302 1340 350 1404 W
347 1341 485 1420 ildhaldi‚
512 1338 631 1426 episcopi
656 1339 858 1425 Eichstctenfis,
891 1339 920 1400 in
949 1333 1134 1418 Palaest't'nam
1163 1350 1246 1419 pere-

208 1439 384 1524 grinationis
416 1440 482 1501 duee
511 1440 620 1524 cossont
652 1439 805 1501 relationes.
836 1435 975 1520 Quarum
1007 1436 1091 1518 prior
1123 1458 1157 1497 ac
1190 1457 1247 1496 me-

103 1551 106 1556 '
212 1539 269 1600 hor
300 1561 319 1600 a
348 1537 471 1620 quadam
504 1537 620 1600 moniali
649 1535 767 1618 corneis
794 1533 1052 1618 Hcydenheimenſss
1080 1533 1167 1616 poulo
1187 1533 1249 1615 posi

212 1637 224 1699 i
233 1635 297 1722 sus
318 1635 394 1699 beati
413 1636 477 1698 viri
488 1649 601 1698 mortem
617 1635 701 1716 (anno
719 1635 831 1696 circiter
849 1633 918 1715 785)
940 1630 1096 1720 conscripta
1116 1631 1162 1710 est,
1185 1653 1247 1711 qua

213 1733 323 1815 quodem
349 1731 477 1795 monialis
501 1732 603 1810 ornnia,
632 1753 695 1812 quae
719 1729 794 1792 nohis
822 1728 952 1806 tradidit,
976 1729 1013 1790 ah
1041 1728 1052 1788 i
1060 1726 1124 1812 stus
1147 1725 1248 1789 Willi-

214 1829 295 1891 haldi
315 1853 363 1892 ore
377 1840 530 1911 acceperat.
557 1827 661 1910 Operis
674 1825 751 1890 illius
770 1827 905 1889 rationem
919 1824 1026 1891 habere,
1043 1838 1114 1887 certe
1127 1825 1249 1887 maxime

212 1926 309 2008 nostra
330 1924 457 2009 interest:
479 1923 507 1985 in
529 1945 556 1985 eo
576 1921 646 1985 enirn
664 1922 755 2006 plura
768 1917 852 2008 sunt,
872 1943 935 2003 qua
958 1919 1051 1983 nultus
1065 1919 1138 1983 alius
1152 1929 1247 1982 auctor

213 2019 289 2081 nohis
316 2017 454 2089 tradidit·
487 2035 558 2080 curn·
576 2031 668 2080 autern
700 2039 788 2080 armes
821 2016 952 2099 regiones,
980 2037 1048 2097 quas
1072 2014 1251 2099 peragravit

218 2115 415 2194 Wille'haldus‚
438 2111 620 2201 descripserit
642 2123 750 2193 auno,
769 2115 910 2198 pauciora
932 2113 1008 2177 nohis
1035 2115 1068 2176 de
1088 2111 1247 2196 Pohestina

204 2215 358 2304 servavit.
383 2213 497 2294 Magni
508 2228 600 2276 tamen
623 2211 835 2298 exssimandum
858 2215 905 2292 est,
927 2234 1011 2294 quum
1034 2211 1142 2274 nullum
1167 2209 1251 2273 aliud

213 2309 386 2398 opusculum,
416 2311 658 2394 Merovingorum
688 2311 811 2373 durante
845 2332 928 2393 regno
961 2309 993 2372 de
1024 2307 1121 2372 Terra
1138 2304 1247 2393 santia

213 2404 410 2495 conscriptum,
422 2421 530 2492 prater
544 2407 717 2470 Antoninum
731 2419 813 2488 atque
827 2407 996 2489 Arculsiem‚
1000 2403 1193 2491 superfuerit.

256 2505 291 2568 In
301 2507 350 2591 ilio
360 2504 449 2568 libello
458 2527 510 2566 nors
521 2517 579 2568 tarn
585 2504 837 2588 peregrinationem
849 2503 967 2592 quams.
982 2503 1029 2567 W
1026 2502 1148 2566 illihaldi
1155 2503 1248 2565 vitam
1290 2499 1292 2506 ’

213 2625 357 2666 enarrare
371 2602 502 2666 inanimo
515 2602 615 2666 hahuit
625 2601 753 2665 monialis
761 2601 1019 2684 Heydenheirnenfis
1025 2631 1038 2673 ,·
1051 2614 1145 2664 notatu
1156 2613 1248 2663 tamen

214 2699 457 2786 dignumssillum
461 2699 880 2785 piifflmumvirumferetotaen
888 2700 1058 2762 iuventutem
1066 2699 1095 2760 in
1103 2698 1248 2760 itineribus

215 2794 420 2884 consumpfiffc.
439 2798 487 2860 Ex
500 2796 604 2880 Anglia
621 2797 765 2876 oriundus,
778 2793 926 2882 cuiusdam
937 2796 1085 2880 principis,
1105 2793 1250 2859 Richardi

214 2892 331 2970 nornine,
343 2891 436 2977 filius,
456 2892 519 2955 inde
533 2892 569 2954 ah
584 2891 710 2975 iosantia
723 2891 752 2953 in
766 2906 901 2954 conventu
919 2889 966 2954 W
963 2890 1139 2975 aHheimenst
1152 2889 1248 2951 nuvi-

215 2990 340 3075 tusfuit,
361 2991 455 3070 inquo
468 2989 569 3053 litteris
582 2991 617 3052 δ’
631 2989 733 3073 pietati
751 2989 867 3067 dedisses,
889 2989 981 3052 omnio
1005 3011 1068 3071 qua
1080 2989 1127 3052 illo
1140 2985 1249 3074 saeculo

215 3086 286 3172 disci
295 3084 415 3169 posent,
428 3087 530 3148 edoctus
540 3085 588 3168 est,
602 3107 636 3147 ac
649 3084 741 3147 vitam
751 3085 940 3148 monachalem
953 3085 1015 3167 egit.
1028 3083 1144 3147 iuvenis
1157 3081 1249 3145 adhue

218 3185 301 3262 (anno
316 3183 429 3244 circiter
439 3178 498 3264 720
505 3183 563 3266 post
571 3181 602 3242 0.
611 3183 662 3262 m),
671 3181 881 3264 longinquorum
892 3182 1023 3244 itinerum
1037 3203 1130 3245 amore
1144 3194 1250 3264 coptus,

212 3280 296 3363 patri
308 3279 362 3364 ipst
382 3302 416 3342 ac
440 3279 487 3342 W
483 3279 619 3342 senebaldo
629 3279 737 3362 sratri
744 3276 851 3364 suast,
871 3293 904 3342 ut
915 3276 952 3365 se
973 3279 1093 3342 Romam
1115 3275 1248 3364 visentem

216 3375 426 3454 coniterentur,
440 3373 623 3458 degliarnque
637 3375 760 3458 reliquit,
780 3376 810 3438 in
820 3375 950 3458 patriam
971 3396 1113 3457 nunquam
1127 3374 1249 3458 deinceps

217 3473 370 3536 rediturus.
397 3471 500 3536 Gallia
520 3486 611 3536 autem
631 3485 687 3535 tota
700 3488 783 3556 atque
801 3472 899 3536 Italia
908 3487 994 3556 parte
1007 3472 1124 3535 minima
1134 3468 1249 3559 perlus-

218 3570 310 3651 tratis,
317 3584 404 3654 pater
413 3569 589 3649 Richardus,
595 3582 730 3654 proveeta
735 3571 817 3655 forte
827 3584 919 3650 aetote,
933 3571 988 3654 legi
996 3583 1110 3632 natura
1120 3571 1250 3656 conccfflt,

219 3681 299 3750 atqu
321 3669 350 3730 in
372 3668 467 3731 Santto
485 3667 652 3751 Frigidiano
671 3668 767 3731 dicata
787 3668 895 3752 ecclesta
915 3666 1004 3730 Luca
1016 3664 1146 3753 sepultus
1159 3667 1248 3747 est,in

218 3788 284 3847 qua,
301 3765 418 3850 finiente
433 3763 538 3830 XVII
545 3762 665 3851 sacculo,
689 3765 747 3828 eius
765 3765 934 3849 epitaphium
953 3764 1044 3828 adhuc
1065 3763 1218 3846 legebatur.
1236 3781 1247 3816 ¹

218 3862 383 3946 Deplorata
403 3877 490 3924 morte
510 3863 614 3945 patris,
627 3861 689 3947 fils
716 3862 851 3946 inceptum
872 3859 1013 3948 persecuti
1033 3858 1108 3947 sunt
1129 3862 1193 3942 iter,
1215 3865 1249 3927 ὕ

217 3959 338 4024 Romam
354 3960 542 4022 intraverunt
556 3978 589 4022 11
603 3961 646 4022 die
659 3960 755 4042 rncnfis
765 3960 924 4023 novembris
938 3981 1011 4022 anno
1021 3976 1090 4042 721,
1103 3960 1147 4024 dic
1153 3961 1252 4050 sandi

218 4057 353 4121 Martini
368 4073 405 4130 ²,·
423 4057 451 4119 in
463 4078 519 4138 qua
530 4059 599 4120 urhe
610 4055 747 4144 usquead
755 4053 870 4144 Pascha
881 4080 954 4120 anno
964 4074 1021 4140 722
1031 4058 1169 4121 demorati
1166 4054 1250 4144 sunt,

219 4232 266 4346 mu
281 4214 530 4280 stabulantes&
543 4218 596 4269 ord.
606 4217 629 4269 S.
639 4217 704 4283 Bon,
802 4235 817 4268 o
833 4216 897 4270 Vide
910 4215 989 4286 infra,
1002 4235 1046 4288 pn
1051 4235 1092 4283 54.

259 4335 265 4360 ,
283 4314 308 4362 2,
321 4314 344 4367 p.
360 4312 420 4361 37¹·
