3390 5720
506 529 571 604 ¹¹4
802 525 1025 578 nuromuus
1043 487 1217 578 Mantua

500 747 695 841 musicaque
710 747 744 816 in
759 751 893 817 Pharum
907 747 1084 838 civitatem,
1100 749 1132 819 in
1151 771 1215 842 qua
1230 749 1392 846 pugnavit
1404 747 1539 840 Moyses

499 875 576 922 cum
595 854 768 926 Amalech:
795 853 850 926 ubi
876 856 920 925 est
938 857 1130 942 oratorium,
1159 856 1251 924 cuius
1275 854 1375 926 altare
1392 852 1541 950 pohtum

499 960 544 1030 est
561 961 656 1058 super
672 961 798 1058 lapides
816 933 899 1049 illus,
929 989 1011 1058 quos
1034 963 1213 1058 posuerunt
1230 960 1332 1054 Moysi
1354 964 1473 1034 oranti.
1506 966 1544 1034 ln

498 1069 571 1165 ipl'o
587 1069 666 1139 loco
685 1070 729 1140 est
746 1071 858 1141 civitas
881 1071 1007 1141 munita
1033 1070 1132 1139 muris
1157 1095 1175 1139 e
1196 1067 1359 1161 lateribus,
1385 1073 1419 1140 ὅ(
1441 1069 1546 1139 locus

500 1175 598 1248 valde
624 1176 733 1247 sterilis
754 1194 884 1273 preter‘¹
904 1203 1017 1272 aquas.
1045 1174 1090 1247 lbi
1112 1175 1437 1248 occurrerunt'nobis
1461 1204 1546 1248 mu-

499 1282 592 1354 lieres
619 1308 696 1353 cum
721 1280 910 1371 infantibus,
938 1283 1065 1380 palmas
1086 1283 1119 1355 in
1147 1280 1296 1353 manibus
1316 1288 1547 1380 portantes&

499 1390 659 1487 ampullas
681 1416 759 1461 cum
777 1390 960 1487 raphanino
982 1390 1073 1481 ole03
1093 1391 1251 1486 prostrate
1265 1390 1403 1486 pedibus
1418 1392 1546 1463 nostris

502 1496 630 1593 plantas
647 1497 771 1568 nostras
794 1494 964 1595 ungebant
984 1498 1144 1592 &capita
1165 1499 1285 1590 nostra,
1301 1499 1411 1597 lingua
1429 1525 1547 1598 egyp·

501 1605 585 1676 tiaca
608 1603 780 1702 psallentes
809 1603 1041 1699 antiphonam:
1063 1603 1228 1676 Benedicti
1252 1631 1314 1677 vos
1339 1632 1358 1676 a
1383 1607 1547 1678 Domino

510 1709 765 1806 benedidlusque
782 1709 942 1782 adventus
959 1710 1071 1802 vester,
1085 1711 1246 1782 Hosanna
1261 1714 1297 1784 in
1315 1709 1449 1784 excelsis.
1463 1715 1549 1810 lpsa

502 1842 585 1889 terra
601 1818 646 1890 est
663 1815 923 1907 Madianitarum,
948 1820 983 1886 ἀ
1009 1815 1066 1913 ipfi
1087 1815 1232 1890 habitant
1256 1821 1289 1890 in
1307 1820 1374 1916 ipsa
1391 1821 1548 1911 civitate,

501 1923 626 2016 dicitur,
645 1924 720 2019 quia
734 1949 773 1994 ex
790 1923 912 1993 familia
929 1922 1046 2015 lethr0,
1059 1925 1161 1996 soceri
1175 1923 1306 2017 Moyfis,
1324 1924 1549 2000 descendunt.

502 2032 697 2130 Odlingenti
715 2029 884 2102 condome
898 2031 1073 2101 militantes
1090 2033 1125 2100 in
1142 2030 1277 2126 publico
1291 2058 1367 2103 cum
1380 2031 1550 2105 uxoribus

498 2141 560 2210 luis
588 2165 689 2226 erant,
720 2163 891 2210 annonam
913 2140 948 2207 &
978 2137 1078 2209 vestes
1104 2141 1301 2236 accipientes
1330 2166 1369 2210 ex
1393 2139 1548 2240 Egypt0,

499 2246 627 2317 nullum
642 2244 791 2317 laborem
809 2241 975 2334 habentes,
1002 2247 1079 2339 quia
1097 2270 1159 2317 nec
1174 2245 1307 2339 habent,
1334 2245 1388 2318 ubi
1408 2247 1549 2335 (solum

499 2353 638 2446 colant),
663 2379 704 2423 eo
722 2351 816 2447 quod
833 2377 943 2423 totum
964 2352 1068 2422 arenis
1090 2351 1272 2452 (constat),
1293 2358 1328 2425 δι
1347 2379 1452 2451 preter
1470 2353 1548 2426 fin-

499 2461 596 2558 gulos
613 2458 682 2530 dies
699 2457 822 2530 habent
839 2456 977 2556 singulas
995 2485 1096 2554 equas
1113 2461 1307 2552 sarracenas,
1321 2459 1411 2558 (per)
1422 2463 1550 2558 capita

500 2567 610 2662 paleas
631 2563 847 2637 &hordeum
873 2564 915 2635 de
936 2563 1070 2662 publico
1092 2569 1300 2664 accipientes,
1323 2567 1550 2641 discurrentes

499 2699 577 2744 cum
598 2670 671 2771 iphs
693 2698 752 2768 per
775 2698 923 2744 eremum
947 2698 1010 2767 pro
1036 2673 1182 2744 custodia
1204 2675 1472 2746 monasteriorum
1503 2679 1550 2748 δι

498 2782 703 2853 eremitarum
721 2803 856 2876 propter
869 2776 997 2850 infidias
1013 2781 1276 2852 Sarracenorum,
1290 2784 1376 2852 Ante
1390 2807 1550 2878 quorum

498 2889 651 2960 timorem
679 2913 749 2958 non
775 2887 980 2986 exagitantur
1003 2888 1190 2982 Sarraceni3
1213 2916 1292 2961 nam
1316 2913 1466 2962 exeuntes
1491 2888 1549 2960 de

497 2997 566 3094 ipsa
583 2997 724 3085 civitate,
743 2995 873 3065 fontem
889 2994 934 3065 illi
951 2995 1071 3066 serrant
1092 2999 1126 3066 δι
1143 2997 1251 3070 claves
1272 2999 1392 3070 tollunt
1407 2996 1545 3067 secum.

498 3103 532 3173 lit
548 3101 593 3172 illi
612 3100 747 3196 quidem
769 3099 810 3172 ab
834 3101 920 3172 intus
946 3098 1087 3172 hmiliter
1111 3103 1236 3174 faciunt
1252 3127 1387 3200 propter
1404 3098 1548 3174 insidias

497 3211 759 3298 Sarracenorum,
786 3208 861 3302 quia
880 3233 941 3278 nec
957 3204 1090 3300 habent,
1113 3205 1169 3279 ubi
1187 3233 1304 3282 exeant
1322 3209 1408 3301 foris,
1425 3231 1549 3304 preter

498 3317 605 3390 celum
621 3319 657 3386 ἃ
674 3341 816 3386 arenam.

495 3555 571 3631 ΧΗ.
610 3555 806 3651 Magdolos,
843 3559 967 3642 Sochor,
1001 3558 1094 3643 Elim,
1131 3559 1324 3645 Gerundalu,
1361 3565 1543 3631 orutdrt'um

867 3665 1005 3758 Moyfis,
1025 3666 1158 3757 Clysma.

544 3845 662 3922 Exinde
679 3851 826 3920 venimus
840 3850 1037 3942 magdolum
1054 3849 1089 3918 dt
1105 3851 1219 3920 Sachor
1229 3850 1264 3919 δι
1275 3846 1319 3920 ad
1335 3849 1459 3940 locum,
1473 3849 1544 3924 ubi

496 3963 568 4033 sunt
575 3961 776 4052 septuaginta
790 3957 893 4049 palme
910 3958 945 4024 dc
962 3953 1143 4026 duodecim
1161 3953 1281 4046 fontes,
1298 3958 1333 4027 dt
1350 3957 1541 4054 applicavi-

495 4090 568 4136 mus
592 4061 638 4134 ibi
658 4062 741 4134 duos
768 4061 868 4151 (Ιίεε,ὁ
890 4061 1018 4158 fatigati
1044 4061 1118 4158 post
1145 4085 1255 4133 tantos
1277 4061 1406 4134 labores
1428 4087 1541 4160 atque

495 4172 596 4242 eremi
612 4170 803 4244 vastitatem.
835 4173 869 4240 ln
895 4193 962 4265 quo
984 4167 1063 4240 loco
1089 4168 1134 4240 est
1158 4168 1324 4242 castellum
1341 4167 1536 4264 modicum,

530 4429 553 4464 a.
569 4413 608 4478 G,
621 4410 655 4463 al.
669 4421 779 4481 propter.
793 4437 825 4448 -
840 4411 865 4462 b.
880 4411 905 4462 P.
919 4407 973 4462 dies
992 4407 1094 4460 multos.
