3432 5710
607 487 797 592 (586587)
1147 510 1215 594 249

185 733 268 793 donec
282 730 317 790 ab
332 725 495 810 infirmitate
511 743 681 810 purgentur.
707 730 755 792 De
770 731 881 814 publico
896 747 998 811 tomen,
1012 733 1079 794 dum
1094 732 1133 794 iti
1146 755 1218 793 eom·

184 817 290 882 moroti
293 817 421 900 fuerint,
437 818 541 880 virium
557 819 697 901 occipiunt
702 851 714 891 ;
720 820 825 908 senati
842 837 945 900 eutem,
959 822 1002 882 ud
1012 823 1134 905 proprio
1159 823 1217 911 dis-

184 909 292 970 cedunt.
308 907 372 997 lpse
387 931 489 990 queque
502 905 640 972 Iordanis
656 911 693 972 ab
713 934 741 972 eo
755 911 809 971 loeo
830 912 858 972 in
873 911 966 992 quinto
983 911 1128 990 milliario,
1143 912 1221 974 mori

185 997 345 1058 comminues
359 995 502 1076 Mortuo,
515 1021 609 1060 nomen
625 1000 735 1061 omittit.
751 999 847 1062 Mure
861 1001 932 1062 enim
949 999 1111 1062 Mortuum
1126 1002 1158 1061 ob
1172 999 1220 1062 hoe

185 1086 300 1167 dicitur,
314 1112 342 1148 eo
356 1090 430 1168 quod
441 1090 477 1150 eb
492 1089 614 1150 incendio
628 1087 770 1150 Sodomae
793 1089 843 1150 uel
859 1089 1036 1170 reliquorum
1055 1089 1168 1150 urbium
1183 1091 1221 1174 est

186 1177 344 1265 versutum,
359 1178 393 1239 &
407 1200 483 1258 oque
498 1179 562 1261 ipsa
576 1177 704 1265 asphalto
720 1179 864 1261 permixto
884 1180 940 1262 est:
955 1179 1027 1240 unde
1049 1202 1068 1240 o
1081 1178 1209 1240 nonnulli

185 1289 267 1329 more
278 1265 417 1350 Asphalti
433 1265 612 1350 appellatum·
623 1267 651 1328 in
667 1291 717 1349 quo
732 1267 780 1349 qui
792 1281 897 1329 nutare
909 1267 1004 1357 nescit,
1008 1268 1101 1357 super
1115 1291 1220 1350 uquam

178 1353 296 1436 fertur,
306 1356 340 1416 ὅ
355 1357 431 1419 circu
447 1381 508 1420 eum
514 1355 644 1445 sulphur
659 1356 794 1419 udlrnrer.

496 1471 576 1546 «De
591 1472 671 1553 equis
685 1470 812 1533 Levidae
827 1471 913 1533 urbis.
970 1451 971 1455 Ἰ

230 1599 242 1630 c
261 1573 332 1635 Sunt
344 1588 436 1636 autem
451 1576 485 1635 ὅ
499 1575 542 1636 ud
553 1573 703 1637 Levidam
725 1574 868 1636 ciuitatem
888 1595 971 1654 equae
990 1573 1103 1651 calida,
1117 1573 1144 1634 in
1160 1574 1222 1654 qui·

189 1663 238 1723 bus
250 1662 327 1753 lesus
341 1662 433 1726 Naue
447 1663 554 1726 levore
582 1663 662 1725 clitus
675 1677 757 1734 erum
768 1662 817 1723 ubi
824 1660 958 1746 stmiliter
972 1661 1070 1747 leprost
1081 1663 1222 1724 mundun-

188 1765 256 1813 tur:
283 1753 321 1834 est
348 1767 440 1814 eutem
467 1753 505 1813 ab
567 1753 681 1813 iericho
709 1751 848 1812 duodecim
876 1750 978 1812 millia.
1008 1749 1101 1836 Prope
1129 1765 1222 1813 autem
1283 1799 1289 1810 ,

190 1839 340 1902 Hiericho
362 1839 502 1902 bebenncr
522 1842 637 1903 arbores
656 1862 719 1922 quae
740 1839 825 1902 lurcos
841 1839 970 1921 gignunt.
989 1839 1129 1902 Exhibent
1151 1840 1222 1902 enim

185 1944 270 2014 poma
284 1929 313 1991 in
327 1930 436 1990 modum
447 1930 671 2006 cucurbitarum,
688 1929 765 2010 testas
786 1929 815 1988 in
836 1929 954 1990 circuitu
975 1926 1102 1991 hebentes
1124 1930 1224 2007 duros,

189 2017 355 2109 intrinsecus
376 2034 467 2080 eutem
486 2019 573 2103 plenu
583 2020 657 2108 sunt
680 2018 759 2080 lanu,
784 2016 824 2078 Et
836 2018 868 2078 de
884 2017 927 2080 leis
946 2017 1030 2080 etiam
1039 2019 1149 2101 serunt
1170 2018 1225 2104 ipſs

189 2107 254 2197 lesu
269 2107 361 2170 Neue
372 2107 460 2194 solere
469 2107 540 2191 fieri
560 2108 730 2170 indumento.
751 2106 806 2168 Sed
817 2107 850 2167 {9⁹
865 2105 994 2186 hodieque
1014 2107 1084 2170 tales
1099 2107 1226 2173 exhibent

188 2197 282 2276 lanas,
296 2221 329 2258 ex
347 2197 444 2278 quibus
463 2221 509 2260 nos
534 2222 553 2259 a
574 2196 741 2285 quibusdam
759 2197 868 2260 deletos
890 2196 1024 2274 vidimus,
1038 2198 1071 2258 &⁹
1087 2198 1226 2260 admirati

181 2287 284 2375 sumus
299 2285 348 2348 vel
359 2287 518 2365 eandorem,
531 2285 582 2348 vel
583 2285 772 2375 subtilitatem
788 2308 895 2347 eorum.

392 2428 404 2458 ι
429 2401 585 2486 Deforme
600 2401 719 2464 Domini
733 2401 813 2484 opud
824 2400 1018 2462 Phuniodnm.

233 2534 245 2565 c
265 2507 369 2589 Igitur,
384 2524 414 2571 ur
428 2509 557 2587 diximus,
572 2509 600 2569 in
616 2509 672 2596 ipso
682 2509 776 2590 primo
790 2499 926 2571 iordanis
940 2510 1061 2594 egreffu,
1072 2506 1226 2572 Phaniada

190 2598 294 2660 civitas
318 2611 360 2660 eto
374 2599 413 2678 cll
412 2643 468 2658 ......
484 2622 496 2654 r
514 2597 595 2678 (vide
610 2595 695 2679 supra
709 2619 739 2658 n.
753 2597 834 2679 403).
1011 2599 1014 2604 ’

264 2710 414 2779 [Gregorius
430 2711 541 2776 Toron,
564 2711 602 2761 De
615 2709 700 2778 glorio
718 2719 864 2778 mororum,
878 2709 895 2760 l.
911 2713 932 2775 1,
946 2727 984 2762 cc.
1005 2716 1100 2775 17,18,
1118 2728 1148 2762 or
1170 2709 1224 2776 (d.

193 2791 311 2856 Bordier‚
321 2793 342 2854 Ι,
356 2808 397 2860 pp.
408 2809 449 2858 51,
463 2810 504 2858 54,
519 2789 586 2859 56).]

193 2972 217 3006 c.
234 2959 292 3022 5⁸⁶·
307 2954 408 3006 Turno
422 2969 437 3006 r
451 2953 622 3006 Prunsrrun
635 2968 748 3006 rurore
759 2968 894 3006 rurrnuos
904 2969 1003 3006 sourr.

232 3054 346 3107 «Prodit
370 3072 401 3106 ex
421 3067 587 3106 monumento
606 3071 658 3123 quo
679 3053 844 3107 Dominicum
863 3054 940 3106 iacuit
960 3071 1050 3123 corpus
1068 3053 1129 3106 mira
1142 3052 1227 3119 virtus,
1290 3039 1295 3058 ’

192 3135 262 3204 quod
284 3135 371 3204 saepiue
394 3147 458 3186 terra
480 3133 585 3185 naturali
603 3135 713 3186 candore
730 3133 843 3186 radiante
859 3134 977 3203 repletur,
990 3136 1012 3186 u
1027 3133 1116 3186 exinde
1136 3132 1226 3185 iterum

192 3215 279 3268 ablata
300 3233 366 3284 aqna
390 3205 572 3283 conspergitur,
595 3214 626 3265 de
648 3231 697 3282 quo
719 3214 819 3266 tortulae
836 3213 947 3282 parvulae
964 3214 1112 3279 formantur,
1130 3231 1160 3266 ac
1184 3229 1227 3281 per

193 3295 301 3348 diversas
318 3295 406 3347 mundi
420 3305 503 3365 partes
517 3294 728 3359 transmittuntur,
741 3293 774 3344 de
795 3292 887 3361 quibus
901 3293 1048 3362 plerumque
1061 3291 1151 3345 infirmi
1166 3292 1228 3344 sani·

194 3387 259 3426 tates
273 3375 401 3428 hauriunt.
418 3395 427 3422 ι

266 3473 418 3542 [Gregorius
436 3474 548 3536 Toron,
571 3476 610 3525 De
624 3471 710 3541 gloria
723 3483 868 3540 marorum,
882 3472 965 3535 t.1,c.
979 3491 992 3536 7
1012 3471 1065 3536 (ed.
1083 3469 1196 3535 Bordier,
1208 3473 1230 3535 1,

195 3572 221 3624 p.
231 3553 288 3622 24),
301 3552 441 3618 cuiusmodi,
454 3564 482 3604 ut
490 3553 605 3618 viderier,
620 3571 631 3599 ι
647 3551 763 3604 tortula»
778 3554 899 3621 quedam,
904 3551 996 3618 seculo
1010 3553 1033 3602 V
1032 3552 1046 3604 l
1057 3549 1104 3602 vel
1116 3551 1139 3602 V
1139 3553 1167 3602 ΙΙ
1175 3567 1229 3601 con-

186 3637 271 3703 feliae,
290 3632 314 3684 in
328 3631 442 3699 thesauro
461 3632 559 3700 ecclesia
571 3631 718 3699 Marrucinis,
730 3630 893 3697 lombardie,
909 3632 992 3684 odlruc
1000 3631 1149 3698 servantur
1164 3629 1228 3697 (vid.

198 3713 302 3765 Barbier
323 3713 355 3765 de
374 3712 514 3777 Montault,
529 3714 562 3763 Le
581 3711 659 3778 tresor
670 3713 703 3762 de
717 3709 744 3762 Ia
763 3709 877 3778 rastrique
889 3709 969 3777 royale
988 3712 1018 3760 de
1035 3712 1143 3774 Monnu3
1166 3707 1229 3761 eutr.

197 3809 308 3856 monum,
326 3797 402 3858 1883,
415 3802 444 3860 50
457 3793 510 3857 fer,
520 3793 567 3856 XI,
576 3810 618 3860 pp.
633 3792 782 3858 132-138).]

64 3981 90 4025 c.
116 3962 183 4056 587
199 3966 247 4036 *ss.
277 3967 426 4053 AGILUS,
455 3970 628 4049 vicecomes,
661 3965 807 4056 confeffor
831 3989 930 4059 prope
958 3965 1165 4057 magdunum
1200 3964 1229 4028 in
1269 4063 1271 4068 Ι

200 4073 320 4142 Gallio.
342 4085 421 4154 (406)

240 4220 252 4251 c
271 4191 306 4254 ln
327 4215 388 4277 qua
403 4193 644 4277 peregrinatione
659 4191 789 4254 multum
805 4207 1022 4268 commoratus,
1036 4190 1158 4253 Romam
1171 4188 1230 4272 pri-

198 4303 284 4344 mum
308 4283 397 4426 adliit3
418 4283 521 4364 ibique
543 4281 594 4344 diu
620 4281 655 4342 ad
683 4282 842 4344 beatorum
864 4278 943 4342 Petri
963 4279 993 4341 δι
1013 4277 1098 4342 Pauli
1126 4278 1232 4341 limina

1040 4388 1072 4438 32
