3434 5704
666 574 770 674 (373)
1186 575 1233 669 67

203 814 307 946 unffi.
323 813 503 961 Hiertptlymm,
517 809 619 882 Epistola
629 813 753 878 XXXIX,
766 815 803 864 od
823 811 928 864 Paulam
951 810 1067 881 (Migne,
1089 813 1157 864 Patr.
1179 812 1234 878 lat,

211 955 214 962 Ι
280 909 325 958 ,e.
338 911 387 960 4⁷¹
407 933 412 946 .

244 1049 257 1081 o
276 1022 309 1088 Ο
322 1023 436 1086 invidia
450 1022 583 1106 primum
598 1024 725 1086 mordax
739 1021 796 1086 tui!
813 1022 846 1088 Ο
863 1022 979 1086 Satanae
994 1022 1142 1086 calliditas
1158 1022 1234 1086 sern-

204 1133 258 1195 per
282 1110 381 1173 sandia
401 1111 599 1193 persequens!
627 1110 732 1174 Nullae
753 1112 820 1174 aliae
841 1111 991 1174 Romanae
1012 1111 1077 1173 urbi
1101 1110 1233 1174 fabulam

203 1199 409 1282 praebuerunt,
419 1195 473 1261 nist
492 1197 630 1262 Paula&
644 1197 829 1278 Melanium,
847 1223 915 1284 quae
930 1201 1117 1282 contemptis
1138 1200 1233 1262 sacul-

204 1288 325 1368 tatibus,
342 1287 578 1370 pignoribusque
593 1288 724 1368 desertis,
746 1308 870 1352 crucem
887 1286 1018 1351 Domini
1035 1286 1117 1372 quast
1133 1288 1233 1373 quod·

203 1377 275 1440 dam
289 1377 409 1460 pietatis
424 1375 561 1438 levavere
575 1376 730 1441 vexillum.
750 1403 762 1434 s

203 1513 308 1644 mpii.
321 1511 503 1662 Hieropymus,
515 1512 619 1583 Bpfiola
631 1515 710 1580 va,
721 1516 759 1565 ad
768 1512 885 1580 Asellam,
900 1530 921 1565 c.
935 1532 952 1576 4
966 1511 1083 1581 (Migne,
1095 1515 1163 1565 Patr.
1177 1514 1232 1580 lot,

282 1631 290 1657 ,
304 1609 327 1644 c.
340 1598 389 1657 481
408 1595 424 1659 .]

212 1751 214 1757 “
246 1752 419 1833 «Melania,
430 1751 610 1816 nobilissima
621 1753 783 1817 mulierum
794 1753 1231 1819 Romanorum&Marcellini

204 1842 360 1927 quondam
371 1841 502 1906 consulis
516 1841 589 1922 filia,
603 1845 696 1905 unico
708 1859 837 1926 praetore
852 1859 926 1907 tunc
940 1843 1058 1905 urbano
1072 1841 1136 1904 silio
1148 1843 1234 1905 dere-

203 1931 290 2011 litto,
304 1931 497 2082 scrupolymom
508 1933 671 2015 navigavit,
691 1933 742 1995 ubi
758 1949 846 1996 tanto
858 1933 1006 1996 virtutum
1021 1933 1234 2014 praecipueque

204 2022 263 2084 fuit
275 2022 359 2083 humi
373 2021 453 2082 itatis
468 2018 628 2100 miraculo,
642 2036 676 2082 ut
688 2020 798 2084 Teclae
812 2042 925 2084 nomen
941 2021 1102 2104 acceperit.
1122 2045 1133 2076 o

275 2161 309 2225 [S.
329 2159 510 2230 Hieronymus,
532 2157 673 2225 Clrmt'con,
695 2175 735 2212 an.
755 2175 804 2224 377
825 2159 942 2230 (Migne,
964 2163 1032 2214 Patr.
1049 2160 1106 2228 lat,
1125 2163 1233 2231 XXVII,
1349 2173 1352 2186 ·

203 2239 324 2308 eam]

247 2413 259 2444 ι
278 2385 362 2450 Mihi
383 2408 507 2470 quoque
529 2383 582 2470 ipsi
605 2387 770 2470 aliquando
793 2410 866 2452 cum
885 2391 924 2450 de
947 2389 1084 2452 Bethleem
1099 2388 1234 2475 lerosoly-

204 2494 279 2534 mam
303 2473 427 2536 venillet
447 2473 678 2559 [Hieronymus]
702 2476 888 2538 &codicem
902 2476 1003 2538 secum
1018 2473 1179 2554 detulisset,
1202 2478 1233 2538 in

205 2581 268 2642 quo
288 2577 353 2624 erat
377 2583 454 2625 unus
469 2562 607 2646 dialogus
623 2565 795 2644 Ciceronis,
816 2564 942 2628 &idem
957 2564 1018 2647 ipse
1032 2587 1149 2648 graecus
1165 2564 1234 2628 Pla-

203 2650 295 2730 tonis,
310 2654 393 2734 quod
409 2651 529 2715 dederit
542 2651 640 2736 ipsum
655 2654 807 2732 codicem,
821 2652 1037 2736 &aliquandiu
1053 2654 1142 2716 suerit
1154 2654 1233 2737 apud

204 2757 263 2816 me,
276 2739 362 2801 nullo
376 2761 488 2823 genere
501 2762 611 2825 negare
626 2741 732 2824 potelb
751 2742 808 2805 Sed
824 2742 897 2825 quid
914 2743 1062 2804 immoror
1084 2742 1188 2804 tandiu
1205 2743 1234 2804 in

204 2847 246 2905 re,
261 2850 329 2909 quae
343 2827 412 2891 luce
428 2829 470 2891 est
484 2829 612 2893 clarior?
633 2851 705 2893 cum
720 2830 757 2892 ad
773 2831 839 2893 haec
854 2831 958 2895 omnia
973 2853 1041 2915 quae
1056 2830 1144 2913 supra
1157 2831 1236 2894 dixi-

204 2935 282 2996 mus,
296 2917 388 2978 etiam
399 2915 473 2980 illud
487 2918 625 3000 addatur,
640 2919 691 2980 ubi
707 2915 799 2982 cellet
811 2941 904 2982 omne
915 2935 1137 2998 commentum,
1151 2921 1235 3002 quod

203 3009 234 3070 in
257 3005 439 3070 monaslerio
468 3006 581 3090 positus
610 3009 641 3070 in
666 3007 805 3071 Bethleem
826 3024 897 3070 ante
926 3030 989 3070 non
1014 3007 1111 3070 multo
1137 3009 1236 3071 adhuc

104 3121 108 3132 ·
204 3112 341 3179 tempore
356 3112 457 3179 partes
471 3097 683 3179 grammaticas
699 3096 857 3160 exsecutus
872 3094 907 3160 stt
921 3143 1021 3159 .....

245 3254 379 3318 «Etiam
401 3276 459 3318 nec
483 3255 558 3318 illud
584 3257 648 3319 eius
675 3255 884 3340 [Hieronymi]
910 3256 1088 3319 admirabile
1114 3257 1231 3320 sodium

203 3343 351 3407 filendum
381 3343 439 3424 est,
469 3366 510 3407 ne
533 3343 682 3428 pudorem
707 3345 890 3408 incutiamus
915 3346 1125 3424 audientibus,
1150 3349 1233 3430 quod

205 3432 380 3498 Marcellini
398 3432 530 3496 consulis
543 3448 678 3516 neptem,
703 3455 806 3517 quam,
820 3433 971 3497 Romanae
986 3435 1154 3498 nobilitatis
1172 3436 1235 3518 pri-

204 3543 296 3601 mam,
320 3522 448 3605 parvulo
468 3520 533 3584 filio
549 3519 648 3584 Romae
668 3521 825 3602 derelislo,
851 3522 1045 3611 lerosolymam
1065 3523 1179 3607 petiille
1205 3525 1235 3587 ἃ

204 3610 246 3674 ibi
261 3610 301 3672 ob
316 3612 428 3696 insigne
451 3613 593 3676 meritum
608 3614 728 3675 virtutis
742 3611 876 3675 Teclam
897 3613 1096 3693 nominatam,
1121 3615 1151 3676 in
1166 3614 1235 3697 ipsis

204 3700 357 3764 chronicis
372 3701 429 3764 suis
444 3701 619 3785 scripserat.
635 3747 642 3764 .
658 3727 691 3762 .»

276 3845 403 3912 mutnus,
420 3845 537 3916 Apologia
552 3846 682 3915 adversus
697 3845 877 3915 llieronymum,
892 3845 908 3897 l.
922 3845 956 3912 11,
980 3863 1002 3898 c.
1014 3852 1038 3912 8,
1062 3852 1094 3900 ιδ
1117 3845 1236 3915 (Migne‚

206 3927 273 3979 Patr.
287 3925 342 3990 lat,
353 3927 425 3992 XXI,
438 3943 475 3980 cc.
492 3945 552 3996 591,
564 3929 646 3994 605).]

247 4099 260 4133 ι
278 4075 408 4137 Addidit
422 4092 524 4138 autem
540 4073 696 4139 Dominus
711 4075 789 4137 hanc
803 4075 929 4158 gratiam
951 4077 989 4137 de
1009 4075 1185 4143 muneribus
1205 4075 1234 4138 δι

206 4163 313 4227 litteris
333 4165 402 4244 tuis,
426 4182 460 4227 ut
480 4166 516 4226 ad
537 4185 590 4228 eos
611 4164 797 4247 potiffimum
819 4165 883 4227 dies
908 4163 996 4227 nobis
1019 4164 1109 4226 frater
1125 4163 1235 4227 vietor

206 4269 392 4333 occurreret,
406 4255 516 4338 quibus
531 4253 663 4316 sandlam
678 4252 771 4337 ipsam
787 4252 980 4337 [Melaniam]
997 4275 1035 4314 ex
1050 4251 1235 4343 Hierusalem

207 4341 274 4427 poll
290 4344 426 4427 quinque
441 4343 530 4407 lustra
543 4359 731 4406 remeantem
744 4344 916 4426 recepimus
917 4389 1016 4406 .....
