3354 5706
410 561 461 613 nn
486 560 589 614 soors
614 556 780 612 snucnrs.
1040 555 1109 635 209

75 795 184 848 tatoris.
198 791 275 844 Vidit
285 792 365 844 etlam
379 790 467 844 lacurn
486 791 666 844 Sodomorum
682 789 862 853 &Gomorre,
874 783 920 857 qui
934 783 1020 838 stadiis
1033 787 1111 858 quiu-

75 873 161 945 gentis
181 872 322 942 osioginta
342 870 369 922 in
391 869 586 940 longitudinem
601 867 733 936 dirigitur,
752 866 892 920 latitudine
905 866 930 920 cl
942 866 1036 920 stadiis.
1049 868 1112 921 Per·

80 954 151 1008 venit
160 953 244 1007 etiam
258 953 392 1008 Arculfus
408 952 492 1005 noller
504 951 537 1004 ad
551 951 641 1004 locum
656 948 682 1003 in
693 947 830 1019 provincia
839 947 953 1014 Fenicis,
966 947 1012 1001 ubi
1022 947 1112 1002 lorda·

77 1033 115 1086 nie
134 1034 169 1086 ad
195 1034 299 1087 radices
316 1032 413 1087 Libani
435 1032 468 1084 de
488 1030 593 1084 duobus
610 1028 729 1082 fontibus
750 1027 882 1096 exsurgit,-
903 1045 1019 1098 quorum
1042 1047 1112 1083 unus

76 1115 186 1167 nemine
195 1117 244 1168 lor
252 1116 278 1168 st
285 1113 352 1168 alter
361 1114 423 1166 Dan
430 1111 572 1165 vocitatur.
583 1107 638 1171 Qui
648 1107 722 1161 semul
732 1107 818 1172 mixti,
827 1107 1002 1179 compositum
1012 1125 1111 1163 nemen

76 1195 196 1248 Iordanis
206 1195 320 1248 faciunt.
330 1194 380 1248 Sed
394 1192 542 1246 notandum
555 1189 620 1261 quia
632 1207 686 1242 non
699 1187 726 1240 in
739 1187 825 1242 Panlo
838 1187 957 1241 Iordanis
971 1189 1111 1244 exordium
1130 1230 1134 1238 .

79 1277 151 1344 iacit,
161 1277 207 1330 sed
217 1277 243 1330 in
258 1274 444 1340 Traconitide,
456 1291 507 1327 cxx
519 1271 659 1326 interieslis
667 1269 753 1323 stadiis
763 1271 845 1340 usque
855 1270 888 1322 ad
902 1271 1040 1324 cesaream
1051 1272 1113 1326 Phi·

78 1357 150 1428 lippi,
164 1374 220 1426 que
233 1373 307 1408 nuuc
320 1353 435 1408 Panniaa
447 1373 463 1405 a
479 1352 564 1406 Panlo
579 1368 675 1405 nomen
690 1349 800 1420 accepit.
816 1349 870 1411 Qui
887 1351 1007 1404 Iordanis
1019 1352 1114 1406 exinde

79 1439 154 1490 suum
166 1436 287 1507 dirigens
298 1436 402 1488 cursum
417 1451 466 1487 cxx
479 1431 560 1486 stadia
573 1431 624 1484 srne
638 1431 693 1484 ulla
702 1430 872 1483 interfufione
881 1431 963 1502 usque
976 1433 1010 1486 ad
1020 1434 1112 1488 urbem

81 1537 132 1588 que
140 1527 256 1570 vocatur
270 1514 423 1570 Tiberiadis
431 1512 606 1584 progreditur.
615 1510 720 1564 Deinde
731 1511 814 1582 usque
822 1511 855 1562 ad
867 1511 959 1564 locum
968 1513 1015 1583 qui
1026 1515 1115 1568 Gene-

81 1600 118 1651 sar
129 1597 230 1652 dicitur
243 1595 397 1668 preterfluit.
411 1597 499 1648 Lacrn
510 1609 574 1647 tero
591 1591 696 1645 Galilee
709 1609 740 1644 err
759 1591 853 1644 eodem
867 1592 980 1647 iordane
994 1595 1114 1662 efficitur,

80 1679 150 1749 quod
166 1695 239 1731 mare
253 1693 325 1730 nune
343 1674 484 1739 cenereth,
502 1690 574 1726 nune
592 1689 664 1724 mare
677 1670 829 1724 Tiberiadis
842 1673 1004 1742 nominatur,
1018 1695 1115 1748 magne

82 1759 207 1811 adherent
214 1756 283 1810 filre.
294 1753 461 1808 Diffunditur
469 1766 557 1806 autern
566 1753 594 1806 in
605 1750 774 1821 longitudine
787 1750 923 1820 cxlssredie,
933 1755 1116 1813 &extenditur

82 1839 107 1890 in
123 1837 295 1891 latitudinem
310 1835 395 1888 stadiis
415 1833 451 1888 xl.
466 1835 496 1887 A
514 1833 575 1886 loco
592 1849 654 1886 tero
673 1831 719 1884 ubi
733 1831 766 1884 de
780 1831 903 1885 faucibus
917 1834 996 1889 maris
1010 1839 1115 1894 Galilee

81 1918 200 1972 Iordanis
211 1917 348 1988 egreditur
360 1917 442 1986 usque
453 1915 487 1968 ad
500 1933 561 1967 eum
572 1915 664 1967 locum
678 1912 725 1966 ubi
743 1915 770 1966 in
785 1929 856 1966 mare
869 1915 1012 1972 Mortuum
1027 1917 1115 1991 intrat,

84 1999 140 2051 osto
153 1999 260 2052 dierum
275 1998 323 2051 iter
335 1997 454 2048 habetur.
467 1995 537 2048 Nam
548 1993 617 2048 idem
633 2011 704 2046 mare
718 1991 874 2046 salsissimum
885 1992 928 2061 esi,
941 1996 965 2047 δι
978 1997 1011 2050 de
1024 2012 1117 2054 monte

84 2077 178 2132 oliveti
197 2079 285 2149 sepius
302 2075 389 2130 vidisse
410 2076 434 2128 se
453 2085 541 2127 narrat
558 2074 659 2128 sanstus
679 2072 821 2126 Arculsus.
836 2073 906 2126 Nam
924 2073 995 2129 idem
1014 2078 1116 2138 sanstus

85 2160 208 2226 sacerdos,
237 2158 375 2228 regionem
390 2157 507 2209 Samarie
531 2173 685 2225 peragrans,
710 2155 743 2206 ad
768 2153 901 2208 civitatem
924 2159 1042 2227 pervenit
1064 2182 1116 2234 que

85 2241 202 2294 hebraice
226 2238 326 2293 dicitur
347 2237 462 2303 Sichem,
484 2253 563 2306 greca
581 2253 643 2289 vero
667 2236 692 2288 se
712 2235 794 2289 latina
811 2238 1000 2292 consuetudine
1018 2239 1117 2296 sicima

86 2321 246 2387 nominatur,
266 2320 291 2372 δι
310 2318 400 2373 vitiose
413 2317 504 2371 Sichar
523 2317 635 2370 vocitari
655 2316 728 2370 solet.
748 2318 826 2370 quta
849 2318 960 2372 eandem
982 2320 1117 2377 civitatem

86 2401 146 2454 vidit
165 2399 301 2455 ecclesiam
327 2398 354 2450 in
370 2398 481 2451 modum
503 2397 589 2451 crucis
601 2397 760 2464 formatam,
772 2398 799 2451 ln
812 2397 889 2451 cuius
902 2399 1044 2456 medietate
1057 2403 1118 2458 sons

86 2484 165 2535 laceb
185 2481 235 2553 qui
257 2482 281 2533 tr
294 2489 389 2550 puteus
402 2479 651 2545 vocaturhabetu13
675 2478 749 2549 super
760 2496 840 2548 quem
854 2479 989 2534 Dominus
1001 2483 1119 2538 Salvator

87 2562 181 2616 itineris
206 2562 300 2614 labore
323 2559 449 2628 fatigatus
475 2557 569 2611 resedit
593 2557 684 2612 siciens
707 2559 786 2613 fidem
808 2560 926 2614 mulieris
948 2563 1119 2620 Samaritana.

87 2643 181 2696 Eadem
206 2641 300 2696 civitas
323 2640 433 2692 habetur
446 2639 473 2692 in
487 2639 557 2692 tribu
573 2638 692 2692 Manasse
706 2642 731 2693 8ι
751 2652 841 2694 monte
852 2642 991 2712 Ephraim,
1008 2645 1054 2698 ubi
1067 2645 1120 2700 ossa

89 2724 176 2794 Ioseph
189 2724 252 2775 sunt
265 2720 373 2791 sepulta
383 2719 520 2790 Prospexit
532 2719 613 2773 etiam
627 2720 653 2772 in
668 2721 768 2773 deserto
781 2722 839 2792 sepe
856 2723 1009 2777 nominatus
1019 2727 1121 2780 Arcul-

88 2803 127 2854 sus
147 2801 312 2856 fonticulum
335 2799 475 2864 lucidum,
493 2799 563 2853 unde
584 2798 648 2851 ficut
669 2799 719 2852 sert
740 2800 841 2853 sanstus
860 2801 970 2855 bibebat
988 2805 1121 2859 Iohannes

89 2883 208 2953 Baptista.
232 2883 277 2934 De
300 2879 380 2933 melle
395 2897 457 2933 vero
477 2877 583 2933 silvestre
596 2879 630 2931 ab
644 2879 762 2933 Arculfo
776 2881 963 2950 experientiam
977 2883 1120 2940 didicimus

88 2963 135 3016 ita:
154 2964 184 3016 In
205 2962 309 3015 deserto
331 2958 396 3012 vidit
409 2960 535 3031 quasdam
559 2960 673 3026 arbores,
693 2979 806 3032 quarum
821 2961 886 3015 solia
903 2962 956 3016 sata
968 2965 994 3017 st
1006 2964 1120 3018 rotunda

90 3047 152 3110 sunt,
163 3042 242 3098 lactei
257 3039 365 3107 coleris,
378 3039 584 3112 saporis,mellis.
599 3039 653 3101 Qui
666 3058 728 3094 vero
742 3041 768 3094 in
782 3041 867 3095 escam
884 3041 985 3096 sumere
998 3043 1120 3115 cupiunt,

89 3125 201 3196 primurn
225 3120 350 3176 manibus
376 3119 562 3190 confringunt,
584 3121 681 3175 deinde
701 3124 854 3178 comedunt
873 3125 945 3178 Tale
961 3124 996 3179 esi
1014 3125 1066 3179 nael
1082 3124 1121 3177 srl-

91 3205 173 3258 resire.
189 3201 316 3257 Pervenit
329 3200 408 3254 etiam
420 3201 453 3253 ad
463 3201 554 3254 locum
566 3203 612 3255 ubi
622 3202 757 3256 Dominus
767 3204 886 3276 quinque
897 3205 970 3259 milia
978 3205 1121 3259 hominum

93 3285 122 3337 de
135 3283 255 3355 quinque
269 3281 382 3353 panibus
401 3283 426 3334 st
440 3281 547 3335 duobus
560 3281 674 3352 piscibus
697 3284 833 3352 saturavit3
853 3285 899 3357 qui
912 3287 1052 3339 erbosus&
1066 3287 1122 3357 pla·

93 3383 136 3416 nur
146 3381 258 3434 campus
271 3362 315 3428 eli,
324 3362 370 3431 qui
384 3379 532 3432 numquam
544 3363 578 3415 ab
590 3381 622 3416 eo
632 3363 675 3416 die
688 3376 776 3417 aratus
787 3365 829 3432 ess‚
839 3383 887 3419 nec
897 3366 971 3420 nulla
981 3378 1124 3422 cernuntur

93 3445 218 3510 hedificia
236 3441 355 3513 exceptis
376 3453 492 3512 quatuor
505 3443 657 3513 columpnis
672 3463 724 3514 que
738 3445 814 3515 super
827 3447 973 3516 marginem
987 3447 1129 3501 cuiusdam'

94 3524 212 3577 sonticuli
225 3523 310 3578 eresle
328 3523 462 3588 videntum
477 3522 578 3592 dequo
593 3522 718 3578 biberunt
730 3524 813 3580 satiati
833 3526 987 3580 aDomino.
1002 3527 1125 3581 Pervenit

94 3604 167 3658 etiam
190 3605 276 3675 usque
298 3603 332 3655 ad
343 3602 474 3655 Nazareth
492 3602 638 3669 civitatem,
651 3603 696 3658 ubi
715 3605 781 3657 duas
803 3603 947 3674 hospitatus
965 3605 1000 3660 esi
1022 3608 1124 3674 nossest
1236 3617 1241 3626 '

95 3703 141 3754 que
154 3686 229 3755 snpra
242 3695 364 3736 montem
377 3680 492 3752 exposita
504 3699 642 3736 murorum
654 3683 782 3737 ambitum
807 3702 861 3738 non
881 3686 990 3753 habens,
1009 3687 1056 3740 ubi
1072 3688 1124 3741 due

94 3765 218 3817 habentur
230 3762 347 3828 ecclesie,
362 3779 414 3814 una
424 3760 452 3814 in
465 3761 552 3815 media
563 3763 668 3817 civitate
681 3763 707 3816 in
721 3763 783 3817 loco
794 3765 841 3818 ubi
851 3765 985 3818 Dominus
996 3766 1032 3820 esi
1042 3767 1125 3821 nutri·

95 3855 146 3908 tus3
159 3845 209 3897 alia
221 3861 286 3897 vero
299 3840 334 3894 eti
347 3842 373 3893 in
385 3843 446 3895 loco
460 3842 507 3895 ubi
519 3843 628 3896 Gabriel
649 3844 825 3913 archangelus
839 3845 871 3897 ad
884 3844 989 3898 beatam
1007 3845 1124 3899 Mariam

94 3922 195 3976 locutus
217 3923 262 3978 esi.
284 3925 356 3975 Inter
375 3923 477 3975 eosdem
497 3924 613 3976 tumulos
626 3924 739 3977 duarum
756 3923 922 3978 ecelefiarum
938 3924 1125 3980 lucidisfimum

97 4001 170 4055 habet
183 4003 299 4068 sontem,
313 4019 391 4071 quern
403 4012 477 4054 totus
491 4001 587 4056 citium
600 4003 751 4073 frequentat
763 4003 888 4075 populus,
899 4003 931 4057 de
944 4002 990 4056 illo
1001 4003 1125 4058 hauriens

97 4101 197 4150 aquarn.
219 4085 281 4136 Hec
304 4081 336 4134 de
356 4081 484 4134 Nazareth
508 4081 597 4136 dixisse
613 4081 731 4136 sufficiat.
751 4081 855 4136 Retulit
866 4082 945 4136 etiarn
958 4084 1032 4154 quod
1048 4102 1126 4137 mons

100 4159 188 4213 Tabor
200 4160 267 4215 stin
279 4163 392 4228 Galilea,
405 4163 489 4215 tribus
502 4162 608 4216 milibus
621 4181 636 4214 a
648 4161 707 4216 lacu
721 4162 862 4228 Cenereth,
877 4161 943 4214 mira
955 4163 1127 4228 rotunditate,

100 4240 220 4293 exomni
242 4242 370 4296 colleslus
392 4253 474 4312 parte,
493 4243 631 4313 respiciens
652 4240 829 4312 supradislum
849 4239 980 4311 stagnum.
997 4244 1028 4294 In
1050 4243 1127 4296 cuius

102 4317 246 4374 summitate
260 4323 348 4393 ampla
361 4321 487 4394 planicies
499 4321 558 4375 silva
575 4321 715 4392 pergrandi
737 4320 822 4374 cinda
837 4321 956 4374 habetur.
975 4322 1044 4375 Nam
1057 4321 1127 4376 illius

996 4470 1029 4516 ²7
