3296 5700
502 511 571 610 246
656 526 984 582 snucrmroutnms
1011 523 1371 579 nurusuuurmeusts

498 746 714 820 ficiscentiurn
736 741 862 840 aliquid
886 743 1047 814 memoria
1071 740 1212 840 dignum
1236 739 1365 812 ledloris
1398 738 1535 838 legendi

497 851 648 926 manibus
664 854 837 948 imponere
851 877 904 922 me
921 847 1008 922 libet.
1028 851 1184 947 Qorum
1197 849 1279 920 alter
1294 849 1419 920 summa
1433 849 1535 918 sacer-

499 960 617 1033 dotalis
634 959 735 1031 insule
748 957 979 1055 pastoralisque
996 982 1071 1028 cure
1084 957 1295 1054 prerogativa
1311 953 1464 1051 prelatus,
1482 956 1533 1026 in·
1637 1005 1638 1076 3

498 1070 591 1140 clitus
609 1065 783 1155 crucicola,
806 1079 969 1162 magnus‘²
986 1065 1137 1161 magister
1152 1059 1373 1153 Willibaldus,
1390 1064 1424 1132 δι
1441 1063 1531 1154 alter,

500 1181 586 1248 recle
611 1171 780 1244 soliditatis
802 1173 860 1242 iter
880 1172 1046 1266 arripiens,
1071 1195 1173 1268 prava
1194 1167 1350 1267 dirigens,
1373 1165 1531 1243 indiredh

500 1283 678 1379 asperaque
690 1277 814 1350 ferocia
826 1277 931 1374 polire
943 1276 1116 1373 planitans,
1133 1273 1242 1372 spissas
1254 1299 1432 1371 pravorum
1449 1301 1529 1373 gen-

498 1389 603 1461 tilium
623 1385 856 1483 protervasque
885 1407 1099 1481 peccatorum
1122 1381 1287 1479 spurcitias
1312 1405 1384 1452 non
1411 1379 1528 1472 desrde,

499 1492 608 1590 tepide
617 1490 769 1566 titubanti
778 1517 900 1582 mente,
910 1491 964 1563 sed
978 1488 1084 1562 selici⁶
1101 1490 1289 1561 temeritatis
1302 1487 1444 1561 audacia
1456 1515 1531 1586 pro-

499 1600 618 1671 caciter
639 1599 776 1696 superne
797 1600 979 1696 sagacitatis
1002 1597 1074 1669 zelo
1101 1597 1161 1667 rite
1182 1591 1367 1686 roboratus,
1396 1597 1531 1670 instante

498 1705 612 1777 labore
625 1707 739 1776 omnia
751 1705 935 1776 exinanivit.
955 1704 1026 1802 Qri
1038 1701 1230 1774 sacerdotali
1243 1725 1381 1798 quoque
1394 1704 1531 1799 prelatus

498 1812 602 1884 infula
620 1811 837 1908 pastoralique
863 1833 1073 1907 computatus
1095 1810 1224 1882 honore
1243 1805 1344 1881 abbas
1367 1835 1438 1882 erat
1460 1837 1529 1908 pre·

499 1919 666 2014 clarusque
696 1918 876 1990 christicola
891 1915 1134 1990 Wunebaldus.
1163 1919 1219 1988 lsta
1235 1918 1350 1989 omnia
1366 1942 1429 2014 per
1444 1913 1527 1988 albas

499 2051 696 2122 camporum
731 2025 893 2122 planities,
928 2023 1051 2096 sulcato
1084 2025 1225 2115 tramite,
1254 2025 1352 2122 nigra
1385 2047 1529 2121 perarata

499 2157 610 2230 penna
621 2133 755 2230 vestigia
767 2133 895 2228 scripta,
912 2132 1015 2203 vestra
1031 2157 1106 2203 cara
1123 2157 1239 2204 eorum
1255 2131 1390 2202 scientia
1407 2131 1530 2226 presen-

499 2263 576 2329 tata,
590 2264 707 2310 contra
719 2263 835 2309 omnes
850 2236 1056 2310 emulorum⁶
1071 2239 1338 2335 vituperationes,
1353 2239 1421 2309 Dei
1434 2239 1530 2335 gratia

498 2348 667 2442 vestraque
684 2371 743 2442 pet
758 2346 873 2416 omnia
885 2345 1099 2441 proteslionis
1120 2370 1248 2442 parma,
1270 2348 1306 2416 ἀ
1323 2344 1530 2416 nibilominus

499 2451 651 2553 placided
666 2453 766 2526 veslre
786 2449 1062 2523 commendamus
1081 2453 1296 2548 perceptioni,
1317 2476 1354 2524 ut
1372 2452 1408 2522 in
1430 2453 1530 2524 omni·

499 2559 558 2634 bus
575 2561 631 2632 leti
647 2557 818 2632 laudemus
836 2583 898 2630 nos
913 2554 1119 2651 liberantem,
1139 2557 1231 2630 dona
1248 2556 1448 2631 tribuentem
1464 2561 1529 2631 Do-

500 2693 638 2741 minum.

682 2833 703 2900 l.
734 2831 893 2924 Quomodo
906 2835 998 2898 viram
1008 2829 1143 2922 scribere
1160 2829 1339 2899 decernitur.
1353 2841 1365 2871 ‘

545 2988 685 3058 Primum
713 2987 812 3084 igitur
837 2983 1027 3058 venerabilis
1054 2986 1238 3081 summique
1265 2987 1329 3058 Dei
1355 2986 1527 3060 sacerdotis

496 3119 595 3189 atque
613 3092 777 3190 pontificis
795 3091 1013 3189 primordium
1027 3095 1160 3187 viteque
1177 3093 1260 3164 illius
1278 3093 1459 3166 venerandi
1473 3097 1530 3168 viri

495 3199 679 3272 Willibaldi
691 3196 932 3290 sublimitatem,
952 3201 1009 3294 qui
1024 3199 1168 3270 sollerter
1185 3198 1241 3270 sub
1260 3199 1349 3271 sacre
1361 3201 1446 3300 legis
1458 3228 1529 3272 mo-

497 3305 664 3379 deramine
688 3307 774 3378 alma
787 3308 937 3403 priorum
961 3306 1112 3402 exempla
1138 3304 1325 3377 sanslorum
1342 3307 1526 3394 militando,

496 3413 677 3503 serviendo,
699 3437 808 3484 mente
833 3416 868 3484 &
889 3410 1035 3485 moribus
1054 3411 1210 3484 seslando
1231 3409 1412 3506 inherebat,
1438 3415 1528 3487 huius

495 3521 603 3616 itaque
619 3521 684 3591 vite
701 3519 872 3592 exordium
884 3523 920 3591 ἃ
931 3521 1042 3592 inante
1059 3520 1233 3592 iuventutis
1252 3519 1466 3594 medietatem
1487 3523 1529 3596 ad

493 3626 576 3698 illius
603 3628 703 3723 usque
730 3627 929 3700 senestutem
956 3624 1140 3724 processum
1155 3625 1171 3687 f
1183 3631 1219 3698 ἃ
1241 3627 1399 3700 haetenus
1428 3631 1526 3726 usque

493 3733 716 3830 decrepitam!
733 3757 854 3806 etatem
871 3734 1067 3824 intimando,
1090 3734 1248 3833 gracilem
1266 3736 1419 3834 opusculi
1437 3736 1529 3808 huius

495 3843 719 3913 coniesluram
737 3840 956 3939 glomerando
972 3841 1073 3914 ordiri
1096 3840 1306 3916 decreveram
1325 3842 1526 3916 ordinando·

498 3972 563 4043 que
580 3972 695 4020 texere.

533 4141 558 4175 a.
575 4123 748 4176 C.multorum
757 4141 859 4194 magno.
877 4154 909 4164 -
920 4126 980 4178 b.C.
1043 4125 1069 4178 itt
1087 4127 1114 4178 C.
1134 4155 1167 4166 —
1190 4125 1209 4179 s.
1226 4129 1255 4180 C.
1275 4125 1415 4196 processum
1434 4128 1478 4182 esi.
1498 4161 1522 4171 -

499 4201 614 4256 fulcitus.
629 4233 663 4244 -
677 4221 700 4256 c.
715 4206 743 4257 C.
758 4205 935 4258 emulatorum.
948 4235 982 4245 -
1044 4223 1071 4276 g.
1084 4207 1113 4260 C.
1128 4205 1287 4278 decrepirati.

500 4283 524 4336 d.
538 4286 567 4338 C.
578 4283 712 4356 placidata.
726 4313 759 4324 -
772 4302 793 4339 e.
814 4285 909 4339 ‘sindus
923 4285 986 4356 deest
