3354 5706
904 547 1097 602 ARCULFUS

560 907 668 978 ΧΧΙΙΙ.
687 913 737 976 De
755 909 823 977 soco
841 913 1005 977 Dominice
1023 909 1199 1002 oscenfiont's
1217 907 1247 974 se
1265 909 1300 975 de
1320 907 1440 1002 eccsefiu

879 1029 910 1092 t‘n
927 1050 962 1093 eo
980 1024 1127 1112 edificata.

539 1223 571 1289 {n
599 1243 672 1289 toto
690 1243 805 1289 monte
822 1216 947 1288 Oliveti
971 1215 1074 1288 nullus
1091 1216 1185 1286 locus
1201 1214 1296 1286 altior
1313 1211 1377 1286 esse
1393 1211 1532 1283 videtur

489 1327 557 1418 illo,
583 1326 625 1398 de
648 1353 715 1422 quo
734 1327 899 1398 Dominus
922 1323 965 1395 ad
987 1325 1075 1395 celos
1098 1320 1273 1422 ascendisse
1297 1320 1445 1414 traditur,
1466 1321 1531 1392 ubi

490 1431 623 1532 grandis
647 1437 767 1530 etcsefia
790 1433 849 1503 stat
865 1435 1005 1520 rotunda,
1025 1456 1130 1502 ternas
1147 1457 1206 1528 per
1223 1432 1394 1502 circuitum
1413 1456 1531 1500 came·

489 1566 573 1612 ratas
606 1538 729 1612 habens
765 1543 911 1638 porticus
946 1537 1082 1634 desuper
1115 1542 1229 1609 tedas:
1263 1539 1353 1608 cuius
1389 1533 1532 1608 ecclesie

490 1649 624 1718 interior
642 1645 774 1736 domus,
792 1645 856 1717 stne
874 1650 961 1717 tedio
980 1647 1015 1715 &
1031 1641 1096 1715 stne
1115 1669 1255 1734 camera,
1278 1641 1320 1714 ad
1338 1644 1449 1716 celum
1466 1641 1533 1715 sub

490 1759 563 1824 ae're
586 1752 677 1826 nudo
699 1777 813 1851 aperta
839 1776 939 1848 patet,
963 1753 996 1822 in
1021 1752 1111 1821 cuius
1134 1749 1282 1822 orientali
1308 1776 1399 1846 parte
1423 1752 1535 1824 altare

490 1856 547 1929 sub
565 1859 703 1958 angusto
725 1861 910 1956 proredium
929 1861 1016 1929 tedio
1035 1858 1142 1929 exstat.
1170 1855 1245 1928 ideo
1262 1858 1373 1954 itaque
1389 1859 1535 1928 in‘terior

492 1966 546 2036 illa
564 1963 683 2037 domus
701 1982 886 2036 cameram⁶
904 1991 973 2035 non
991 1963 1099 2055 habet,
1118 1988 1153 2033 ut
1171 1963 1213 2034 de
1231 1963 1287 2034 isso
1305 1964 1394 2056 loco,
1406 1967 1442 2035 in
1450 1972 1534 2060 'quo

490 2074 693 2172 postremum
719 2072 829 2146 divina
855 2071 1050 2144 cernunturs
1076 2073 1219 2170 vestigia,
1249 2098 1325 2142 cum
1352 2073 1386 2142 in
1416 2071 1536 2144 cesum

492 2182 658 2253 Dominus
682 2181 716 2250 in
741 2176 827 2251 nube
850 2177 1030 2250 sublevatus
1052 2181 1107 2271 est,
1127 2180 1185 2250 uia
1207 2178 1333 2276 semper
1349 2203 1462 2277 aperta
1480 2175 1537 2272 sit,

491 2291 526 2358 ἃ
544 2287 647 2358 oculis
664 2288 869 2358 exorantium
886 2284 929 2358 ad
946 2286 1052 2358 celum
1070 2311 1190 2383 pateat.

540 2395 627 2466 Nam
653 2419 729 2464 cum
752 2393 824 2484 hec,
849 2390 890 2464 de
919 2417 982 2486 qua
1005 2418 1093 2463 nunc
1121 2417 1226 2489 pauca
1252 2395 1538 2482 commemoravi,

496 2498 624 2573 basilica
653 2498 874 2591 fabricaretur,
905 2499 994 2571 idem
1022 2500 1114 2572 locus
1143 2501 1354 2596 vestigiorum
1376 2501 1540 2594 Domini,

494 2633 529 2678 ut
549 2604 626 2677 alibi
646 2607 801 2704 scriptum
828 2630 993 2703 repertum
1016 2608 1072 2696 est,
1096 2607 1280 2678 continuari
1300 2608 1540 2704 operimento‘

494 2740 571 2784 cum
600 2713 723 2811 reliqua
755 2711 951 2783 stratorums
978 2738 1071 2810 parte
1102 2738 1171 2784 non
1204 2715 1323 2809 potuit.
1357 2716 1540 2811 Siquidem

492 2848 701 2919 quecumque
723 2819 980 2919 adplicabantur,
1003 2822 1143 2892 insolens
1166 2845 1248 2892 tetta
1273 2822 1414 2894 humana
1432 2826 1540 2900 susci-

401 3025 403 3030 ·
493 2953 570 3030 pere
588 2929 752 3026 respuenS,
776 2930 809 2998 in
827 2954 885 2998 ora
902 2925 1162 3025 adponentium‘
1177 2929 1297 2999 reiecit.
1318 2930 1407 3027 Quin
1427 2933 1539 3008 etiam

501 3064 521 3108 a
538 3038 688 3108 Domino
714 3035 896 3106 concalcati
915 3035 1054 3132 pulveris
1077 3033 1163 3106 adeo
1182 3061 1327 3131 perenne
1343 3035 1542 3114 documen-

495 3170 565 3217 tum
583 3144 637 3232 est,
655 3166 691 3212 ut
706 3142 841 3238 vestigia
863 3165 1035 3212 cernantur
1052 3139 1215 3237 impressa,
1233 3144 1268 3212 δι
1285 3168 1361 3214 cum
1378 3147 1542 3240 quotidie

495 3246 734 3320 confluentium
750 3246 830 3318 fides
853 3273 872 3317 a
890 3250 1040 3319 Domino
1063 3249 1185 3319 calcata
1208 3244 1348 3344 diripiat,
1367 3248 1541 3328 damnum

496 3380 607 3425 tamen
632 3353 730 3426 areas
743 3378 812 3425 non
835 3353 940 3441 sentit,
962 3352 1156 3426 &eandem
1179 3353 1287 3424 adhuc
1308 3357 1354 3426 sui
1373 3359 1542 3455 speciem,

495 3461 594 3533 veluti
610 3459 766 3559 impressis
782 3457 907 3558 signata
924 3461 1073 3558 vestigiis,
1089 3488 1172 3534 terra
1189 3463 1337 3535 custodit.

546 3571 579 3638 ln
597 3565 719 3639 eodem
731 3566 830 3664 igitur
846 3566 936 3657 loc0,
954 3591 989 3638 ut
1005 3567 1130 3639 sanstus
1149 3570 1244 3640 refert
1257 3571 1417 3662 Arculfus,
1436 3574 1544 3648 sedu-

496 3672 544 3744 lus
576 3671 720 3744 eiusdem
749 3672 992 3767 frequentator,
1022 3700 1097 3746 erea
1123 3675 1255 3773 grandis
1276 3702 1335 3773 per
1358 3680 1544 3757 circuitum

500 3803 583 3870 rota,
602 3778 741 3876 desuper
758 3778 942 3874 explanata,
956 3779 1075 3852 collata
1093 3781 1147 3870 est,
1165 3783 1255 3853 cuius
1271 3783 1409 3856 altitudo
1428 3788 1544 3884 usque

497 3883 540 3956 ad
572 3887 752 3958 cervicem&
781 3883 893 3956 haberi
921 3886 1116 3958 monstratur
1158 3890 1353 3962 mensurata:
1379 3895 1411 3963 in
1439 3899 1544 3971 cuius

532 4111 554 4144 a.
568 4095 610 4158 G..
626 4093 659 4145 al.
679 4094 751 4162 supra
771 4093 935 4146 collocatum.
952 4121 983 4131 —
1047 4109 1092 4162 que
1099 4093 1133 4146 al.
1148 4095 1251 4148 excussu
1264 4095 1433 4150 marmoribus
1433 4099 1490 4166 fin
1497 4119 1543 4156 re·

498 4172 521 4224 b.
540 4173 579 4237 L,
593 4172 626 4224 al.
646 4172 790 4226 institerant.
808 4201 840 4211 -
856 4190 876 4224 c.
895 4171 985 4238 Grerfi,
1046 4175 1119 4226 cecir.
1134 4203 1165 4213 ·-
1185 4175 1202 4227 f.
1219 4177 1252 4241 L,
1269 4177 1296 4227 7.
1309 4195 1392 4231 arent.
1406 4207 1438 4218 -
1452 4197 1477 4248 g.
1497 4185 1545 4236 Al,

496 4251 529 4304 al.
539 4251 730 4323 pavimento—
737 4253 761 4305 d.
771 4253 807 4318 13,
815 4255 863 4318 ed,
868 4255 899 4305 G.
910 4253 985 4304 stato-
1046 4253 1176 4306 verticem.

498 4349 566 4394 rum;
583 4332 607 4384 t.
621 4331 772 4402 reliquorum
789 4332 827 4383 stt.
842 4361 875 4370 -
888 4350 909 4383 e.
919 4336 984 4400 Qu·
