3296 5700
441 563 641 616 BERNARDI
667 565 859 619 MONACHI.
1098 569 1169 649 317

129 796 220 955 trffl
227 780 325 853 altare
341 779 490 854 subdivo
507 807 634 879 patens,
646 783 680 854 in
699 809 767 880 quo
781 782 985 858 celebrantur
1000 788 1168 861 sollemnia

214 911 315 958 arum.

185 992 252 1064 XV
254 997 272 1065 l.
300 992 401 1066 lndel
421 992 650 1068 tranhvimus‘
674 995 718 1069 ad
747 1001 940 1093 bethaniam,
970 1025 1034 1096 que
1058 1001 1102 1071 est
1127 996 1170 1070 ad
1182 1011 1298 1060 senam..

130 1097 322 1193 meridiem,
349 1101 466 1174 distans
491 1130 511 1174 a
529 1131 625 1175 monte
644 1107 762 1178 Oliverr'
778 1107 928 1178 milliario
950 1134 1029 1197 uno,
1048 1109 1083 1178 in
1101 1105 1170 1178 des·

130 1207 236 1278 censu
255 1207 350 1303 ipsius
372 1211 506 1301 montis,
531 1211 566 1280 in
588 1236 655 1306 quo
676 1213 720 1283 est
737 1221 942 1306 monasterinm
965 1217 1054 1286 cuius
1069 1215 1171 1285 eccle-

130 1311 179 1385 fia
200 1315 383 1410 sepulcrum
405 1317 563 1389 monstrat
580 1319 699 1391 Lazari.
718 1323 805 1390 quta
823 1320 914 1416 quod
928 1322 972 1392 est
988 1323 1110 1419 piscina
1127 1320 1171 1392 ad
1183 1315 1315 1424 &Plfflm
1334 1315 1378 1360 ¹³·

131 1422 341 1516 aquilonem,
371 1424 407 1494 in
433 1449 499 1519 qua
521 1422 604 1496 iussu
632 1427 772 1498 Domini
795 1427 874 1500 lavit
897 1430 1016 1525 seipse
1036 1429 1172 1499 Lazarus
1297 1410 1302 1423 ⁸

131 1528 375 1621 resuscitatus‚d
392 1532 449 1626 qui
473 1530 590 1603 dicitur
607 1533 720 1628 postea
736 1531 924 1630 perstitisse‘
939 1537 1110 1632 episcopus
1137 1537 1172 1607 in

132 1639 256 1730 Epheso
274 1635 308 1707 rrl
324 1638 425 1708 annis.
452 1642 485 1710 ln
508 1637 661 1710 descensu
679 1643 780 1711 etiam
796 1640 838 1712 de
858 1641 979 1712 montes
995 1645 1112 1714 Ost'vert‘
1128 1642 1171 1714 ad

133 1740 380 1815 occidentalem
395 1743 532 1842 plagam
551 1745 729 1818 ostenditur
747 1773 902 1838 marmor,
920 1747 1045 1844 dequo
1063 1751 1171 1821 ascen·

134 1847 213 1920 dits
224 1851 387 1922 Dominus
400 1851 494 1949 super
505 1851 631 1948 pulsum
643 1851 740 1925 asrne.
757 1859 839 1927 lnter
852 1854 913 1926 hec
925 1854 969 1926 ad
985 1854 1167 1949 meridiem,

132 1958 169 2028 in
186 1959 271 2028 valle
286 1962 440 2053 Iosophat,
458 1959 503 2029 est
519 1963 681 2032 natatoria
697 1963 817 2034 Siloa*
1184 1969 1300 2018 hantone
1311 1971 1380 2018 snos.

184 2062 251 2135 XV
252 2067 285 2134 ll.
306 2064 462 2135 Ceterum
483 2063 563 2136 dum
584 2069 740 2139 exivimus
758 2066 800 2140 ab
818 2071 990 2162 snvsalem,
1009 2070 1172 2142 transeun·
1185 2085 1311 2132 Bethleem·

134 2195 184 2243 tes
209 2171 254 2242 ad
277 2174 442 2260 bethleem,
470 2196 490 2241 a
510 2172 588 2243 loco
609 2174 785 2244 nativitatis
807 2175 956 2266 Domini,
984 2176 1038 2269 qui
1063 2175 1124 2247 suit
1140 2184 1171 2268 vj

134 2279 300 2367 milliari0,
317 2278 326 2323 ³
341 2278 482 2348 ostensus
495 2278 539 2348 est
552 2276 671 2350 nobis!¹
687 2305 834 2376 campus,
851 2283 885 2351 in
903 2305 971 2376 quo
983 2279 1153 2355 laborabat

136 2384 286 2476 Abacuc,
296 2383 431 2481 quando
444 2386 580 2482 angelus
591 2389 728 2457 Domini
740 2386 823 2458 iussit
836 2389 866 2458 ei
881 2388 891 2431 Ι
904 2386 1079 2483 prandium
1089 2391 1174 2462 serre
1184 2383 1380 2492 cfflpfficffib*

136 2493 271 2566 Danieli
289 2495 323 2564 in
342 2499 529 2586 babilonem,
552 2520 616 2591 que
634 2497 677 2566 est
694 2494 737 2566 ad
753 2494 934 2586 meridiem,
953 2491 1007 2566 ubi
1023 2497 1172 2593 regnavit
1297 2479 1303 2492 ⁸

135 2599 472 2689 Nabuchodonosor,
483 2617 502 2646 '¹
520 2628 621 2698 quam
640 2619 753 2672 nunc'⁸
772 2603 983 2699 serpentes&
998 2600 1096 2673 bestie
1120 2603 1171 2672 in·

137 2707 297 2780 habitant.
318 2711 493 2778 sierhleem‘³
510 2735 590 2807 ergo
608 2707 707 2780 habet
723 2707 891 2780 ecclesiam
904 2708 999 2782 valde
1012 2734 1172 2807 magnam
1184 2719 1278 2794 aaran
1294 2722 1317 2768 ⁵·
1328 2721 1379 2769 Ms-

137 2817 171 2886 in
190 2815 320 2886 honore
328 2819 439 2910 sanese
455 2819 584 2907 marre,
601 2818 635 2886 in
652 2819 742 2887 cuius
766 2816 878 2888 medio
898 2817 942 2888 est
963 2815 1172 2914 cryptarsub
1256 2799 1295 2831 '¹⁸'

137 2948 208 2993 uno
220 2921 339 3018 lapide.
357 2922 458 2992 Cuius
475 2924 624 2994 introitus
641 2925 685 2994 esl
698 2923 740 2995 ad
754 2922 935 3016 meridiem,
947 2941 961 2986 t
972 2925 1073 2995 exitus
1091 2948 1170 2995 vero

139 3032 181 3104 ad
210 3033 381 3103 orientem.
409 3035 442 3102 ln
472 3057 539 3126 quo
571 3029 747 3104 ostenditur
774 3036 941 3126 presepium
968 3039 1099 3102 Domini
1128 3029 1171 3101 ad

138 3136 348 3210 occidentem
362 3135 458 3233 ipsius
478 3139 622 3235 cripte3r
636 3139 729 3210 locus
747 3164 857 3210 autem
873 3141 906 3208 in
920 3162 987 3233 quo
1006 3139 1169 3208 Dominus

138 3247 251 3343 vagiit,
279 3245 324 3316 est
349 3243 391 3316 ad
409 3249 579 3338 orientem,
609 3244 760 3317 habens=
788 3247 887 3317 altare
908 3243 964 3316 ubi
990 3242 1170 3315 celebratur

139 3349 241 3424 missa.
260 3358 348 3424 iuxta
360 3352 446 3423 hanc
458 3348 625 3423 eccleham
643 3353 686 3423 est
699 3352 741 3424 ad
755 3351 925 3423 meridiem
943 3348 1074 3423 ecclesia
1094 3348 1172 3422 bea·

140 3482 249 3531 torum
277 3483 456 3553 martyrum
484 3465 693 3530 Innocentium.
721 3459 871 3530 Milliario
894 3458 1037 3555 denique
1060 3482 1129 3528 uno
1153 3485 1173 3529 a

141 3569 294 3637 Bethleem
327 3567 370 3636 est
402 3567 634 3636 monasterium
653 3569 830 3660 sunthorum
863 3572 1027 3658 Pastorum,
1056 3562 1170 3661 quibus

139 3673 273 3772 angelus
292 3675 327 3744 in
343 3674 511 3745 nativitate
528 3674 667 3744 Domini
683 3675 844 3770 apparuit.

1184 3337 1279 3385 Ecclesia
1310 3339 1380 3385 Inno-

1224 3400 1331 3448 centium.

174 3871 199 3904 a.
217 3851 323 3903 babetur
335 3852 359 3901 d,
373 3851 399 3903 in
411 3853 437 3903 F.
455 3880 489 3890 -
511 3852 535 3903 b.
550 3853 576 3903 L.
592 3851 625 3903 in.
687 3851 727 3902 lia.
741 3853 808 3919 -j.
823 3851 895 3902 nobis
909 3854 934 3903 d.
945 3849 1012 3917 iah,-
1024 3850 1060 3901 M.
1071 3849 1127 3903 illis.
1140 3879 1172 3890 -

141 3949 209 3985 -ο,
221 3932 258 3982 Μ.
273 3932 585 4000 perrexeruntaB.-d.
598 3933 626 3984 L.
688 3932 713 3983 k.
734 3934 759 3984 F.
774 3930 906 3983 laboravit.
932 3960 963 3969 -
985 3931 1000 3981 l.
1016 3931 1040 3982 F.
1056 3948 1122 3982 eum.
1137 3961 1173 3970 -

141 4011 301 4064 resuscitatur.
319 4039 351 4050 -
361 4029 383 4063 e.
396 4013 437 4075 L.,
450 4013 489 4063 M.
502 4011 624 4063 exstitisse.
687 4030 720 4065 rn.
735 4014 771 4076 Κ,
787 4012 812 4063 L.
826 4010 1055 4080 Nabugodonosot.
1070 4029 1134 4063 -n.
1144 4011 1171 4062 L.

144 4121 173 4131 —
188 4091 207 4142 s.
225 4093 251 4144 L.
269 4091 344 4143 etiarn
369 4091 470 4143 montis.
495 4119 527 4130 -
547 4107 573 4160 g.
587 4093 625 4144 M.
688 4109 741 4144 nec.
762 4120 795 4128 -
818 4108 841 4144 0.
860 4093 885 4142 F.
901 4089 1017 4142 Belleem.
1036 4121 1071 4130 —
1090 4107 1116 4160 p.
1134 4093 1172 4144 M.

143 4171 275 4225 descendit.
293 4201 325 4210 -
338 4172 363 4224 h.
374 4173 399 4223 F.
410 4171 494 4241 Syloe.
508 4202 543 4211 -
555 4172 572 4223 i.
589 4172 626 4223 M.
688 4172 813 4241 scriptura.
824 4201 859 4210 —-
871 4188 896 4240 q.
907 4171 945 4232 L.,
955 4172 1007 4222 V.a
1020 4169 1130 4223 meridie.
1138 4201 1173 4210 -

143 4250 199 4305 inde
217 4251 364 4304 transierunt
385 4251 410 4302 in
425 4251 562 4316 Bethleem,
583 4251 626 4302 ubi
689 4269 710 4310 r.
724 4255 764 4306 Μ.
779 4251 906 4327 scripture.
922 4279 958 4288 -
972 4269 991 4305 s.
1005 4253 1043 4305 M.
1057 4251 1141 4309 habet.

145 4333 268 4391 Dominus
280 4331 327 4390 suit
338 4343 420 4404 natus,
435 4331 531 4384 habena
540 4333 564 4407 vj
580 4330 626 4392 mi,
