3296 5700
492 541 562 618 244
657 535 985 592 SANCTIMONIALIS
1019 534 1377 588 Hevnuuttetssstttsrs

487 758 587 830 nica⁶
599 755 641 828 de
658 781 768 856 gente,
791 755 884 828 istinc
902 758 1105 828 venientium
1117 753 1309 846 novillima,
1330 759 1364 827 ἃ
1384 781 1458 827 non
1480 755 1539 825 so-

488 865 559 936 lum
571 867 675 955 annis,
695 861 749 936 sed
761 866 796 934 ἃ
809 860 988 950 όιηοτίὺιιε,
1005 860 1100 934 &de
1117 862 1250 934 illorum
1270 863 1534 959 comparatione

490 969 725 1044 contribulium
749 995 902 1040 meorum
927 965 1016 1065 quast
1050 967 1261 1040 homuncule.
1291 967 1357 1067 Ego
1386 967 1535 1064 quidem

490 1076 584 1150 vobis
597 1074 752 1175 religiofis
770 1101 809 1147 ac
826 1074 994 1148 catholicis
1010 1074 1095 1164 viris,
1113 1073 1234 1146 celestis
1247 1072 1446 1146 bibliothece
1464 1075 1533 1144 mi·
1638 1109 1639 1128 κ

489 1185 602 1276 nistris‚
617 1182 662 1255 ob
679 1182 852 1254 utilitatem
865 1182 1026 1253 memoria
1040 1205 1148 1276 pauca
1165 1179 1425 1278 perstringend0‚
1442 1207 1533 1278 pau·
1638 1169 1639 1188 ¹

487 1291 581 1363 latim
597 1288 640 1362 de
655 1286 875 1387 primordialis
891 1289 957 1359 vite
973 1288 1041 1358 eius
1054 1286 1232 1359 venerandi
1248 1287 1308 1358 viri
1315 1285 1531 1360 Willibaldi‘
1639 1343 1640 1356 r

487 1399 639 1496 proemio
657 1395 820 1494 disputare
836 1392 1054 1468 decreveram.
1073 1392 1138 1466 Sed
1156 1417 1268 1466 mmen
1284 1397 1440 1492 precipue
1461 1421 1535 1494 ego
1639 1409 1640 1444 ³

488 1505 612 1577 femina
632 1503 804 1602 fragilique
821 1503 910 1575 *sexus
932 1499 1154 1573 imbecillitate
1179 1499 1407 1598 corruptibilis,
1436 1503 1537 1574 nulla

488 1613 696 1711 prerogativa
718 1611 872 1707 sapientie
889 1607 1016 1680 suffulta
1040 1632 1097 1679 aut
1118 1633 1316 1707 magnarum
1338 1609 1463 1680 virium
1479 1610 1536 1680 in·
1640 1699 1641 1706 ἵ

488 1715 606 1789 dustria
623 1717 718 1806 elata,
733 1715 788 1787 sed
805 1717 988 1813 spontanea
1002 1716 1179 1787 voluntatis
1199 1740 1275 1787 mea
1291 1716 1451 1788 violentia
1471 1742 1538 1788 co·
1640 1709 1641 1716 ἵ

491 1827 575 1915 atta,
600 1824 689 1895 velut
714 1821 859 1918 quadam
875 1824 990 1919 ignara
1009 1845 1109 1919 parva
1131 1819 1174 1894 de
1189 1825 1332 1919 pedloris
1350 1820 1534 1919 prudentia

492 1954 596 2025 pauca
609 1929 787 2026 decerpens
799 1933 834 2001 ἃ
846 1955 885 2002 ex
897 1929 1006 2000 multis
1019 1925 1180 2000 frondofis
1194 1929 1419 2028 frugiferisque
1430 1928 1536 2002 arbo-

492 2033 578 2108 ribus
604 2035 723 2108 florum
746 2039 899 2108 varietate
922 2036 1114 2107 onustorum
1137 2037 1255 2134 exigua
1280 2033 1426 2133 qualibet
1445 2063 1534 2126 arte,

490 2143 604 2216 saltem
622 2145 771 2216 extremis
793 2145 828 2214 in
846 2145 954 2234 ramis,
979 2143 1080 2216 vestre
1098 2144 1259 2214 memorie
1279 2167 1399 2239 coapta
1415 2170 1531 2242 pauca

487 2275 671 2347 excerpere,
698 2251 936 2348 compaginare
961 2247 1163 2346 edissereque
1186 2275 1240 2320 me
1263 2247 1351 2322 libet.
1375 2251 1412 2322 Et
1435 2276 1534 2322 nunc
1642 2311 1643 2324 ,

488 2360 662 2455 reciproco
683 2358 834 2428 sermone
850 2355 1001 2428 iterando
1019 2355 1107 2447 dico,
1133 2381 1203 2427 non
1226 2357 1358 2453 proprie
1379 2357 1533 2453 presum-

491 2464 588 2534 tionis
605 2461 802 2560 primordio,
827 2488 897 2535 non
914 2464 1103 2536 temeritatis
1120 2459 1258 2534 audacia
1273 2462 1290 2507 s
1298 2461 1364 2533 hoc
1379 2463 1533 2561 incipere

490 2567 548 2641 nist
566 2594 602 2641 ut
615 2571 670 2644 vix
686 2568 805 2642 audeo.

535 2674 599 2750 Sed
622 2678 700 2774 quia
720 2702 809 2748 nunc
832 2678 974 2774 primum
993 2677 1058 2748 Dei
1081 2679 1187 2775 gratia
1202 2675 1448 2774 venerandique
1460 2679 1526 2750 viri

489 2809 579 2857 tante
598 2781 728 2856 visionis
755 2782 984 2883 magnitudine
1006 2784 1174 2880 vestreque
1195 2785 1392 2856 audlotitatis
1421 2787 1531 2857 excel·

486 2890 588 2963 lentia
617 2893 653 2961 ἃ
690 2889 903 2962 nihilominus
941 2887 1027 2962 bene
1063 2888 1175 2962 valido
1207 2891 1309 2964 vestre
1344 2889 1528 2964 voluntatis
1644 2905 1645 2922 ¹

486 2997 608 3070 auxilio
632 3023 731 3094 atque
754 2997 911 3070 consensu
934 2997 1138 3094 aliquatenus
1163 3025 1217 3070 me
1234 2996 1411 3070 credebam
1433 2996 1530 3094 polse

486 3105 669 3201 impetrare,
690 3129 724 3176 ut
746 3106 828 3177 tanti
846 3107 955 3203 operis
973 3102 1199 3177 celfitudinem
1216 3128 1372 3200 tantaque
1386 3106 1531 3178 miracu·

485 3211 596 3282 lorum
618 3236 749 3284 necnon
768 3211 867 3284 etiam
891 3213 1046 3284 virtutum
1062 3208 1165 3309 signa,
1189 3237 1253 3308 que
1271 3212 1440 3284 Dominus
1463 3239 1527 3310 pro

485 3315 623 3390 humani
647 3321 775 3418 generis
802 3319 899 3392 salute
923 3319 954 3392 se
980 3318 1199 3410 humiliand0,
1227 3316 1463 3390 descendendo
1492 3321 1527 3392 in

484 3422 620 3496 humani
641 3428 789 3522 corporis
809 3422 1018 3514 assumtione,
1044 3423 1155 3497 divine
1180 3421 1351 3498 roboratus
1373 3429 1525 3524 potentie

485 3531 670 3631 privilegio,
694 3533 832 3629 prestare
857 3556 955 3629 atque
974 3529 1128 3629 perficere
1153 3531 1307 3630 dignatus
1334 3534 1381 3604 est
1402 3535 1439 3605 in
1456 3533 1523 3604 lroc

486 3635 625 3728 inundo,
644 3640 769 3735 suisque
781 3638 884 3710 oculis
899 3636 1078 3712 venerandi
1091 3640 1151 3710 viri
1162 3637 1345 3710 Willibaldi
1364 3665 1526 3737 corpora·

485 3744 556 3816 liter
572 3748 709 3844 cognita
725 3746 851 3843 suisque
868 3745 987 3841 plantis
1009 3771 1068 3842 per
1090 3747 1204 3816 omnia
1228 3743 1402 3843 palpando
1419 3773 1524 3844 pene-

485 3849 671 3948 trandoque
688 3849 850 3924 visibiliter
867 3877 1101 3948 comparuere:
1123 3851 1186 3925 hec
1204 3853 1317 3924 omnia
1333 3851 1524 3925 intimando

485 3959 739 4058 perstringimus.
761 3958 796 4030 Et
812 3984 883 4030 non
901 3959 1009 4032 solum
1026 3957 1126 4058 signa,
1151 3984 1216 4055 que
1232 3956 1330 4030 nobis
1349 3984 1409 4056 per
1425 3987 1524 4032 evau-

519 4154 544 4188 ι.
560 4139 590 4189 In
603 4138 630 4188 1³.
642 4139 680 4189 ad
690 4155 772 4207 marg.
784 4155 870 4191 manus
888 4139 966 4208 qued.
1066 4153 1089 4189 c.
1111 4138 1139 4189 C.
1148 4135 1310 4208 Uuyllibsldi.
1319 4165 1351 4178 -
1364 4135 1390 4189 d.
1401 4137 1519 4190 instmter

483 4216 536 4269 XV
543 4215 634 4282 saecult'
643 4215 758 4286 scripsit:
774 4219 894 4272 Roswida
914 4235 970 4271 mo-
1031 4216 1096 4270 freta
1107 4216 1218 4270 additP.

485 4295 563 4352 ninlit.
573 4325 606 4338 -·
615 4298 642 4352 b.
654 4299 683 4351 G.
699 4299 760 4352 &R
774 4299 860 4354 eriam.
