<?xml version="1.0" encoding="UTF-8"?>
<!DOCTYPE html PUBLIC "-//W3C//DTD XHTML 1.0 Transitional//EN"
    "http://www.w3.org/TR/xhtml1/DTD/xhtml1-transitional.dtd">
<html xmlns="http://www.w3.org/1999/xhtml" xml:lang="en" lang="en">
 <head>
  <title>
</title>
<meta http-equiv="Content-Type" content="text/html;charset=utf-8" />
  <meta name='ocr-system' content='tesseract 3.04.00' />
  <meta name='ocr-capabilities' content='ocr_page ocr_carea ocr_par ocr_line ocrx_word'/>
</head>
<body>
  <div class='ocr_page' id='page_1' title='image "./itinerahierosol00berngoog_0036.png"; bbox 0 0 3448 5718; ppageno 0'>
   <div class='ocr_carea' id='block_1_1' title="bbox 468 515 1253 602">
    <p class='ocr_par' dir='ltr' id='par_1_1' title="bbox 468 515 1253 602">
     <span class='ocr_line' id='line_1_1' title="bbox 468 515 1253 602; baseline 0.003 -20"><span class='ocrx_word' id='word_1_1' title='bbox 468 534 531 586; x_wconf 90' lang='lat' dir='ltr'>v11.</span> <span class='ocrx_word' id='word_1_2' title='bbox 559 532 785 588; x_wconf 72' lang='lat' dir='ltr'><em>Auooumus</em></span> <span class='ocrx_word' id='word_1_3' title='bbox 811 533 996 588; x_wconf 68' lang='lat' dir='ltr'><em>uxorve.</em></span> <span class='ocrx_word' id='word_1_4' title='bbox 1171 515 1253 602; x_wconf 81' lang='lat' dir='ltr'><em>xxvij</em></span> 
     </span>
    </p>
   </div>
   <div class='ocr_carea' id='block_1_2' title="bbox 219 743 1256 930">
    <p class='ocr_par' dir='ltr' id='par_1_2' title="bbox 219 743 1256 930">
     <span class='ocr_line' id='line_1_2' title="bbox 219 743 1254 831; baseline -0.002 -23"><span class='ocrx_word' id='word_1_5' title='bbox 219 745 343 808; x_wconf 69' lang='lat' dir='ltr'><em>lectiones</em></span> <span class='ocrx_word' id='word_1_6' title='bbox 349 743 500 831; x_wconf 87' lang='lat' dir='ltr'><em>plerasque</em></span> <span class='ocrx_word' id='word_1_7' title='bbox 510 744 539 805; x_wconf 88' lang='lat' dir='ltr'><em>in</em></span> <span class='ocrx_word' id='word_1_8' title='bbox 550 745 616 808; x_wconf 80' lang='lat' dir='ltr'><em>uotc&#39;s</em></span> <span class='ocrx_word' id='word_1_9' title='bbox 624 743 750 806; x_wconf 81' lang='lat' dir='ltr'><em>adiunxi.</em></span> <span class='ocrx_word' id='word_1_10' title='bbox 762 743 936 831; x_wconf 85' lang='lat' dir='ltr'><em>Monoecuse</em></span> <span class='ocrx_word' id='word_1_11' title='bbox 946 757 1039 806; x_wconf 85' lang='lat' dir='ltr'><em>autem</em></span> <span class='ocrx_word' id='word_1_12' title='bbox 1041 745 1254 826; x_wconf 87' lang='lat' dir='ltr'><em>fragmentum,</em></span> 
     </span>
     <span class='ocr_line' id='line_1_3' title="bbox 220 840 1256 930; baseline -0.001 -25"><span class='ocrx_word' id='word_1_13' title='bbox 220 865 305 926; x_wconf 83' lang='lat' dir='ltr'><em>quum</em></span> <span class='ocrx_word' id='word_1_14' title='bbox 320 843 464 924; x_wconf 81' lang='lat' dir='ltr'><em>antiquum</em></span> <span class='ocrx_word' id='word_1_15' title='bbox 471 840 522 926; x_wconf 81' lang='lat' dir='ltr'><em>fit,</em></span> <span class='ocrx_word' id='word_1_16' title='bbox 535 863 636 924; x_wconf 87' lang='lat' dir='ltr'><em>magno</em></span> <span class='ocrx_word' id='word_1_17' title='bbox 650 841 815 904; x_wconf 87' lang='lat' dir='ltr'><em>adminiculo</em></span> <span class='ocrx_word' id='word_1_18' title='bbox 828 841 902 905; x_wconf 85' lang='lat' dir='ltr'><em>nobis</em></span> <span class='ocrx_word' id='word_1_19' title='bbox 916 841 969 928; x_wconf 78' lang='lat' dir='ltr'><em>effi</em></span> <span class='ocrx_word' id='word_1_20' title='bbox 983 842 1134 928; x_wconf 83' lang='lat' dir='ltr'><em>debuiffet,·</em></span> <span class='ocrx_word' id='word_1_21' title='bbox 1141 842 1201 930; x_wconf 89' lang='lat' dir='ltr'><em>sed</em></span> <span class='ocrx_word' id='word_1_22' title='bbox 1211 865 1256 904; x_wconf 89' lang='lat' dir='ltr'><em>res</em></span> 
     </span>
    </p>
   </div>
   <div class='ocr_carea' id='block_1_3' title="bbox 210 938 1258 1512">
    <p class='ocr_par' dir='ltr' id='par_1_3' title="bbox 210 938 1258 1512">
     <span class='ocr_line' id='line_1_4' title="bbox 221 938 1256 1026; baseline 0 -22"><span class='ocrx_word' id='word_1_23' title='bbox 221 941 305 1004; x_wconf 78' lang='lat' dir='ltr'><em>adter</em></span> <span class='ocrx_word' id='word_1_24' title='bbox 325 941 422 1020; x_wconf 58' lang='lat' dir='ltr'><em>verit,</em></span> <span class='ocrx_word' id='word_1_25' title='bbox 441 940 531 1004; x_wconf 89' lang='lat' dir='ltr'><em>multa</em></span> <span class='ocrx_word' id='word_1_26' title='bbox 552 941 621 1002; x_wconf 88' lang='lat' dir='ltr'><em>enim</em></span> <span class='ocrx_word' id='word_1_27' title='bbox 642 941 672 1002; x_wconf 87' lang='lat' dir='ltr'><em>in</em></span> <span class='ocrx_word' id='word_1_28' title='bbox 692 962 720 1002; x_wconf 92' lang='lat' dir='ltr'><em>eo</em></span> <span class='ocrx_word' id='word_1_29' title='bbox 739 942 773 1003; x_wconf 69' lang='lat' dir='ltr'><em>[d</em></span> <span class='ocrx_word' id='word_1_30' title='bbox 792 940 822 1002; x_wconf 91' lang='lat' dir='ltr'><em>in</em></span> <span class='ocrx_word' id='word_1_31' title='bbox 835 938 1040 1024; x_wconf 79' lang='lat' dir='ltr'><em>Andegovenst</em></span> <span class='ocrx_word' id='word_1_32' title='bbox 1058 940 1169 1002; x_wconf 86' lang='lat' dir='ltr'><em>editione</em></span> <span class='ocrx_word' id='word_1_33' title='bbox 1173 939 1256 1026; x_wconf 82' lang='lat' dir='ltr'><em>fimi-</em></span> 
     </span>
     <span class='ocr_line' id='line_1_5' title="bbox 220 1035 1256 1126; baseline -0.004 -24"><span class='ocrx_word' id='word_1_34' title='bbox 220 1039 270 1102; x_wconf 80' lang='lat' dir='ltr'><em>da.</em></span> <span class='ocrx_word' id='word_1_35' title='bbox 284 1037 451 1122; x_wconf 58' lang='lat' dir='ltr'><em>Quinetiam</em></span> <span class='ocrx_word' id='word_1_36' title='bbox 456 1040 527 1121; x_wconf 90' lang='lat' dir='ltr'><em>scre</em></span> <span class='ocrx_word' id='word_1_37' title='bbox 528 1037 644 1125; x_wconf 90' lang='lat' dir='ltr'><em>semper</em></span> <span class='ocrx_word' id='word_1_38' title='bbox 652 1035 808 1100; x_wconf 84' lang='lat' dir='ltr'><em>Bruxellen</em></span> <span class='ocrx_word' id='word_1_39' title='bbox 819 1058 843 1099; x_wconf 86' lang='lat' dir='ltr'><em>ts</em></span> <span class='ocrx_word' id='word_1_40' title='bbox 857 1037 937 1098; x_wconf 84' lang='lat' dir='ltr'><em>codex</em></span> <span class='ocrx_word' id='word_1_41' title='bbox 954 1035 1084 1119; x_wconf 81' lang='lat' dir='ltr'><em>editioqoe</em></span> <span class='ocrx_word' id='word_1_42' title='bbox 1095 1036 1256 1126; x_wconf 82' lang='lat' dir='ltr'><em>Bollandis-</em></span> 
     </span>
     <span class='ocr_line' id='line_1_6' title="bbox 220 1132 1258 1224; baseline 0.001 -27"><span class='ocrx_word' id='word_1_43' title='bbox 220 1149 320 1198; x_wconf 81' lang='lat' dir='ltr'><em>tarum</em></span> <span class='ocrx_word' id='word_1_44' title='bbox 333 1136 406 1198; x_wconf 88' lang='lat' dir='ltr'><em>inter</em></span> <span class='ocrx_word' id='word_1_45' title='bbox 412 1135 449 1224; x_wconf 89' lang='lat' dir='ltr'><em>se</em></span> <span class='ocrx_word' id='word_1_46' title='bbox 463 1149 626 1217; x_wconf 82' lang='lat' dir='ltr'><em>congruunt.</em></span> <span class='ocrx_word' id='word_1_47' title='bbox 641 1133 722 1196; x_wconf 80' lang='lat' dir='ltr'><em>Licet</em></span> <span class='ocrx_word' id='word_1_48' title='bbox 732 1133 818 1196; x_wconf 79' lang='lat' dir='ltr'><em>inille</em></span> <span class='ocrx_word' id='word_1_49' title='bbox 832 1132 993 1196; x_wconf 80' lang='lat' dir='ltr'><em>itinerario</em></span> <span class='ocrx_word' id='word_1_50' title='bbox 1005 1135 1135 1216; x_wconf 80' lang='lat' dir='ltr'><em>quadam</em></span> <span class='ocrx_word' id='word_1_51' title='bbox 1149 1136 1258 1216; x_wconf 83' lang='lat' dir='ltr'><em>restitui</em></span> 
     </span>
     <span class='ocr_line' id='line_1_7' title="bbox 210 1231 1257 1320; baseline -0.002 -24"><span class='ocrx_word' id='word_1_52' title='bbox 210 1233 308 1317; x_wconf 87' lang='lat' dir='ltr'><em>facile</em></span> <span class='ocrx_word' id='word_1_53' title='bbox 317 1231 426 1320; x_wconf 83' lang='lat' dir='ltr'><em>poffint,</em></span> <span class='ocrx_word' id='word_1_54' title='bbox 438 1233 468 1296; x_wconf 91' lang='lat' dir='ltr'><em>in</em></span> <span class='ocrx_word' id='word_1_55' title='bbox 482 1233 574 1296; x_wconf 87' lang='lat' dir='ltr'><em>multis</em></span> <span class='ocrx_word' id='word_1_56' title='bbox 587 1247 679 1295; x_wconf 84' lang='lat' dir='ltr'><em>tamen</em></span> <span class='ocrx_word' id='word_1_57' title='bbox 692 1233 756 1295; x_wconf 86' lang='lat' dir='ltr'><em>locis</em></span> <span class='ocrx_word' id='word_1_58' title='bbox 771 1232 899 1315; x_wconf 78' lang='lat' dir='ltr'><em>quadam</em></span> <span class='ocrx_word' id='word_1_59' title='bbox 912 1231 1097 1294; x_wconf 88' lang='lat' dir='ltr'><em>inveniuntur</em></span> <span class='ocrx_word' id='word_1_60' title='bbox 1111 1232 1257 1316; x_wconf 78' lang='lat' dir='ltr'><em>manifeste</em></span> 
     </span>
     <span class='ocr_line' id='line_1_8' title="bbox 220 1327 1256 1419; baseline -0.002 -27"><span class='ocrx_word' id='word_1_61' title='bbox 220 1331 362 1419; x_wconf 84' lang='lat' dir='ltr'><em>mendosa,</em></span> <span class='ocrx_word' id='word_1_62' title='bbox 383 1345 416 1394; x_wconf 91' lang='lat' dir='ltr'><em>ut</em></span> <span class='ocrx_word' id='word_1_63' title='bbox 430 1331 460 1392; x_wconf 86' lang='lat' dir='ltr'><em>in</em></span> <span class='ocrx_word' id='word_1_64' title='bbox 484 1354 507 1393; x_wconf 93' lang='lat' dir='ltr'><em>c.</em></span> <span class='ocrx_word' id='word_1_65' title='bbox 526 1328 557 1395; x_wconf 88' lang='lat' dir='ltr'><em>V</em></span> <span class='ocrx_word' id='word_1_66' title='bbox 554 1329 590 1394; x_wconf 89' lang='grc' dir='ltr'><em>ΙΙ</em></span> <span class='ocrx_word' id='word_1_67' title='bbox 599 1354 609 1392; x_wconf 96' lang='lat'><em>:</em></span> <span class='ocrx_word' id='word_1_68' title='bbox 631 1355 645 1388; x_wconf 80' lang='lat' dir='ltr'><em>c</em></span> <span class='ocrx_word' id='word_1_69' title='bbox 664 1329 791 1396; x_wconf 84' lang='lat' dir='ltr'>Gadara</span> <span class='ocrx_word' id='word_1_70' title='bbox 812 1349 871 1413; x_wconf 87' lang='lat' dir='ltr'><em>que</em></span> <span class='ocrx_word' id='word_1_71' title='bbox 892 1327 1072 1395; x_wconf 80' lang='lat' dir='ltr'>&amp;Gabaon</span> <span class='ocrx_word' id='word_1_72' title='bbox 1087 1346 1256 1409; x_wconf 80' lang='lat' dir='ltr'><em>vocotur,›</em></span> 
     </span>
     <span class='ocr_line' id='line_1_9' title="bbox 219 1425 1257 1512; baseline -0.001 -22"><span class='ocrx_word' id='word_1_73' title='bbox 219 1429 252 1490; x_wconf 84' lang='lat' dir='ltr'><em>in</em></span> <span class='ocrx_word' id='word_1_74' title='bbox 265 1451 289 1491; x_wconf 92' lang='lat' dir='ltr'><em>c.</em></span> <span class='ocrx_word' id='word_1_75' title='bbox 303 1427 419 1492; x_wconf 82' lang='lat' dir='ltr'><em>XXV:</em></span> <span class='ocrx_word' id='word_1_76' title='bbox 435 1453 448 1486; x_wconf 80' lang='grc' dir='ltr'><em>ι</em></span> <span class='ocrx_word' id='word_1_77' title='bbox 464 1425 640 1512; x_wconf 87' lang='lat' dir='ltr'><em>Diospolim</em></span> <span class='ocrx_word' id='word_1_78' title='bbox 655 1427 896 1511; x_wconf 59' lang='lat' dir='ltr'><em>civitatemque</em></span> <span class='ocrx_word' id='word_1_79' title='bbox 911 1427 1078 1510; x_wconf 80' lang='lat' dir='ltr'><em>antiquitus</em></span> <span class='ocrx_word' id='word_1_80' title='bbox 1098 1426 1257 1490; x_wconf 84' lang='lat' dir='ltr'>dicebatur</span> 
     </span>
    </p>
   </div>
   <div class='ocr_carea' id='block_1_4' title="bbox 108 1523 1258 1590">
    <p class='ocr_par' dir='ltr' id='par_1_4' title="bbox 108 1523 1258 1590">
     <span class='ocr_line' id='line_1_10' title="bbox 108 1523 1258 1590; baseline 0.001 -4"><span class='ocrx_word' id='word_1_81' title='bbox 108 1543 112 1547; x_wconf 86' lang='grc'><em>·</em></span> <span class='ocrx_word' id='word_1_82' title='bbox 223 1551 238 1586; x_wconf 75' lang='grc' dir='ltr'><em>ι</em></span> <span class='ocrx_word' id='word_1_83' title='bbox 257 1527 388 1589; x_wconf 79' lang='lat' dir='ltr'><em>Azotos.</em></span> <span class='ocrx_word' id='word_1_84' title='bbox 403 1551 416 1582; x_wconf 87' lang='lat'><strong>›</strong></span> <span class='ocrx_word' id='word_1_85' title='bbox 434 1523 508 1588; x_wconf 71' lang='lat' dir='ltr'><em>dibi</em></span> <span class='ocrx_word' id='word_1_86' title='bbox 520 1537 612 1590; x_wconf 85' lang='lat' dir='ltr'><em>autem</em></span> <span class='ocrx_word' id='word_1_87' title='bbox 627 1525 836 1588; x_wconf 81' lang='lat' dir='ltr'><em>animadvertes</em></span> <span class='ocrx_word' id='word_1_88' title='bbox 850 1548 894 1587; x_wconf 88' lang='lat' dir='ltr'><em>res</em></span> <span class='ocrx_word' id='word_1_89' title='bbox 907 1525 1012 1587; x_wconf 89' lang='lat' dir='ltr'><em>mirum</em></span> <span class='ocrx_word' id='word_1_90' title='bbox 1025 1525 1054 1586; x_wconf 87' lang='lat' dir='ltr'><em>in</em></span> <span class='ocrx_word' id='word_1_91' title='bbox 1069 1525 1179 1587; x_wconf 90' lang='lat' dir='ltr'><em>modum</em></span> <span class='ocrx_word' id='word_1_92' title='bbox 1194 1549 1258 1587; x_wconf 90' lang='lat' dir='ltr'><em>con-</em></span> 
     </span>
    </p>
   </div>
   <div class='ocr_carea' id='block_1_5' title="bbox 211 1619 1263 2974">
    <p class='ocr_par' dir='ltr' id='par_1_5' title="bbox 211 1619 1263 2974">
     <span class='ocr_line' id='line_1_11' title="bbox 211 1619 1259 1708; baseline -0.003 -22"><span class='ocrx_word' id='word_1_93' title='bbox 211 1624 327 1708; x_wconf 85' lang='lat' dir='ltr'><em>sundi,·</em></span> <span class='ocrx_word' id='word_1_94' title='bbox 342 1625 376 1688; x_wconf 79' lang='lat'><em>&amp;</em></span> <span class='ocrx_word' id='word_1_95' title='bbox 392 1635 425 1684; x_wconf 93' lang='lat' dir='ltr'><em>ut</em></span> <span class='ocrx_word' id='word_1_96' title='bbox 436 1623 588 1704; x_wconf 86' lang='lat' dir='ltr'><em>exemplum</em></span> <span class='ocrx_word' id='word_1_97' title='bbox 603 1634 751 1704; x_wconf 87' lang='lat' dir='ltr'><em>apponam,</em></span> <span class='ocrx_word' id='word_1_98' title='bbox 763 1621 793 1682; x_wconf 88' lang='lat' dir='ltr'><em>in</em></span> <span class='ocrx_word' id='word_1_99' title='bbox 808 1643 830 1683; x_wconf 92' lang='lat' dir='ltr'><em>c.</em></span> <span class='ocrx_word' id='word_1_100' title='bbox 846 1619 893 1686; x_wconf 85' lang='lat' dir='ltr'><em>VI</em></span> <span class='ocrx_word' id='word_1_101' title='bbox 903 1623 962 1704; x_wconf 82' lang='lat' dir='ltr'><em>post</em></span> <span class='ocrx_word' id='word_1_102' title='bbox 973 1621 1031 1684; x_wconf 84' lang='lat' dir='ltr'><em>baec</em></span> <span class='ocrx_word' id='word_1_103' title='bbox 1045 1623 1187 1684; x_wconf 76' lang='lat' dir='ltr'><em>verbose</em></span> <span class='ocrx_word' id='word_1_104' title='bbox 1207 1620 1259 1685; x_wconf 85' lang='lat' dir='ltr'><em>De</em></span> 
     </span>
     <span class='ocr_line' id='line_1_12' title="bbox 225 1717 1259 1805; baseline 0.003 -25"><span class='ocrx_word' id='word_1_105' title='bbox 225 1749 239 1780; x_wconf 72' lang='grc' dir='ltr'><em>ι</em></span> <span class='ocrx_word' id='word_1_106' title='bbox 257 1721 369 1784; x_wconf 84' lang='lat' dir='ltr'><em>Tabor</em></span> <span class='ocrx_word' id='word_1_107' title='bbox 385 1720 525 1784; x_wconf 83' lang='lat' dir='ltr'><em>venimus</em></span> <span class='ocrx_word' id='word_1_108' title='bbox 542 1744 555 1776; x_wconf 86' lang='lat'>›</span> <span class='ocrx_word' id='word_1_109' title='bbox 569 1717 713 1805; x_wconf 79' lang='lat' dir='ltr'><em>sequentia</em></span> <span class='ocrx_word' id='word_1_110' title='bbox 727 1720 819 1782; x_wconf 87' lang='lat' dir='ltr'><em>verbo</em></span> <span class='ocrx_word' id='word_1_111' title='bbox 833 1719 946 1782; x_wconf 88' lang='lat' dir='ltr'><em>addidi:</em></span> <span class='ocrx_word' id='word_1_112' title='bbox 963 1745 975 1776; x_wconf 77' lang='lat' dir='ltr'><em>c</em></span> <span class='ocrx_word' id='word_1_113' title='bbox 994 1721 1044 1782; x_wconf 91' lang='lat' dir='ltr'><em>Ad</em></span> <span class='ocrx_word' id='word_1_114' title='bbox 1061 1739 1145 1782; x_wconf 85' lang='lat' dir='ltr'><em>mare</em></span> <span class='ocrx_word' id='word_1_115' title='bbox 1158 1718 1259 1783; x_wconf 86' lang='lat' dir='ltr'><em>Tibe·</em></span> 
     </span>
     <span class='ocr_line' id='line_1_13' title="bbox 225 1815 1259 1905; baseline 0 -25"><span class='ocrx_word' id='word_1_116' title='bbox 225 1847 239 1880; x_wconf 80' lang='lat' dir='ltr'><em>c</em></span> <span class='ocrx_word' id='word_1_117' title='bbox 258 1819 350 1882; x_wconf 87' lang='lat' dir='ltr'><em>riadis</em></span> <span class='ocrx_word' id='word_1_118' title='bbox 368 1843 381 1875; x_wconf 75' lang='lat' dir='ltr'><em>x</em></span> <span class='ocrx_word' id='word_1_119' title='bbox 404 1840 468 1900; x_wconf 83' lang='lat' dir='ltr'><em>quae</em></span> <span class='ocrx_word' id='word_1_120' title='bbox 485 1817 514 1878; x_wconf 85' lang='lat' dir='ltr'><em>in</em></span> <span class='ocrx_word' id='word_1_121' title='bbox 532 1816 565 1883; x_wconf 86' lang='lat' dir='ltr'><em>V</em></span> <span class='ocrx_word' id='word_1_122' title='bbox 561 1815 599 1880; x_wconf 89' lang='lat' dir='ltr'><em>II</em></span> <span class='ocrx_word' id='word_1_123' title='bbox 610 1831 672 1900; x_wconf 89' lang='lat' dir='ltr'><em>cap.</em></span> <span class='ocrx_word' id='word_1_124' title='bbox 686 1817 861 1880; x_wconf 83' lang='lat' dir='ltr'><em>inveneram.</em></span> <span class='ocrx_word' id='word_1_125' title='bbox 875 1815 911 1878; x_wconf 91' lang='lat' dir='ltr'><em>In</em></span> <span class='ocrx_word' id='word_1_126' title='bbox 926 1839 948 1878; x_wconf 85' lang='lat' dir='ltr'><em>c.</em></span> <span class='ocrx_word' id='word_1_127' title='bbox 963 1817 1001 1878; x_wconf 86' lang='lat' dir='ltr'><em>X</em></span> <span class='ocrx_word' id='word_1_128' title='bbox 998 1816 1086 1880; x_wconf 84' lang='lat' dir='ltr'><em>XXI</em></span> <span class='ocrx_word' id='word_1_129' title='bbox 1088 1816 1164 1905; x_wconf 88' lang='lat' dir='ltr'><em>sunt</em></span> <span class='ocrx_word' id='word_1_130' title='bbox 1175 1817 1259 1880; x_wconf 88' lang='lat' dir='ltr'><em>etiam</em></span> 
     </span>
     <span class='ocr_line' id='line_1_14' title="bbox 221 1910 1260 2004; baseline -0.001 -25"><span class='ocrx_word' id='word_1_131' title='bbox 221 1919 313 2004; x_wconf 90' lang='lat' dir='ltr'><em>plura</em></span> <span class='ocrx_word' id='word_1_132' title='bbox 326 1915 433 1978; x_wconf 83' lang='lat' dir='ltr'><em>mederi</em></span> <span class='ocrx_word' id='word_1_133' title='bbox 442 1914 611 2004; x_wconf 72' lang='lat' dir='ltr'><em>disponenda</em></span> <span class='ocrx_word' id='word_1_134' title='bbox 624 1910 730 1991; x_wconf 78' lang='lat' dir='ltr'><em>ordine,</em></span> <span class='ocrx_word' id='word_1_135' title='bbox 741 1913 814 1996; x_wconf 90' lang='lat' dir='ltr'><em>quod</em></span> <span class='ocrx_word' id='word_1_136' title='bbox 821 1914 930 1995; x_wconf 89' lang='lat' dir='ltr'><em>quidem</em></span> <span class='ocrx_word' id='word_1_137' title='bbox 940 1914 1102 2000; x_wconf 79' lang='lat' dir='ltr'><em>prasertim</em></span> <span class='ocrx_word' id='word_1_138' title='bbox 1112 1914 1260 1998; x_wconf 72' lang='lat' dir='ltr'><em>desundtus</em></span> 
     </span>
     <span class='ocr_line' id='line_1_15' title="bbox 221 2010 1260 2100; baseline -0.005 -22"><span class='ocrx_word' id='word_1_139' title='bbox 221 2013 366 2100; x_wconf 73' lang='lat' dir='ltr'><em>proseffor</em></span> <span class='ocrx_word' id='word_1_140' title='bbox 384 2010 464 2074; x_wconf 75' lang='lat' dir='ltr'><em>Tuci)</em></span> <span class='ocrx_word' id='word_1_141' title='bbox 480 2011 660 2096; x_wconf 79' lang='lat' dir='ltr'><em>manifestum</em></span> <span class='ocrx_word' id='word_1_142' title='bbox 665 2011 783 2095; x_wconf 84' lang='lat' dir='ltr'><em>fecerat</em></span> <span class='ocrx_word' id='word_1_143' title='bbox 798 2012 827 2072; x_wconf 88' lang='lat' dir='ltr'><em>in</em></span> <span class='ocrx_word' id='word_1_144' title='bbox 837 2012 902 2100; x_wconf 88' lang='lat' dir='ltr'><em>sua</em></span> <span class='ocrx_word' id='word_1_145' title='bbox 923 2011 1104 2096; x_wconf 79' lang='lat' dir='ltr'><em>eruditffima</em></span> <span class='ocrx_word' id='word_1_146' title='bbox 1125 2011 1260 2095; x_wconf 83' lang='lat' dir='ltr'><em>disserta·</em></span> 
     </span>
     <span class='ocr_line' id='line_1_16' title="bbox 225 2107 1260 2192; baseline -0.002 -20"><span class='ocrx_word' id='word_1_147' title='bbox 225 2111 325 2172; x_wconf 87' lang='lat' dir='ltr'><em>tione.1</em></span> <span class='ocrx_word' id='word_1_148' title='bbox 352 2111 389 2174; x_wconf 83' lang='lat' dir='ltr'><em>[n</em></span> <span class='ocrx_word' id='word_1_149' title='bbox 411 2111 500 2174; x_wconf 86' lang='lat' dir='ltr'><em>eodem</em></span> <span class='ocrx_word' id='word_1_150' title='bbox 523 2108 643 2190; x_wconf 88' lang='lat' dir='ltr'><em>capitulo</em></span> <span class='ocrx_word' id='word_1_151' title='bbox 671 2107 800 2191; x_wconf 79' lang='lat' dir='ltr'><em>expunxi,</em></span> <span class='ocrx_word' id='word_1_152' title='bbox 820 2109 964 2192; x_wconf 86' lang='lat' dir='ltr'><em>postquam</em></span> <span class='ocrx_word' id='word_1_153' title='bbox 986 2109 1019 2169; x_wconf 93' lang='lat' dir='ltr'><em>de</em></span> <span class='ocrx_word' id='word_1_154' title='bbox 1039 2107 1119 2188; x_wconf 89' lang='lat' dir='ltr'><em>longo</em></span> <span class='ocrx_word' id='word_1_155' title='bbox 1140 2107 1260 2170; x_wconf 89' lang='lat' dir='ltr'><em>locorum</em></span> 
     </span>
     <span class='ocr_line' id='line_1_17' title="bbox 224 2201 1263 2289; baseline -0.002 -19"><span class='ocrx_word' id='word_1_156' title='bbox 224 2207 379 2271; x_wconf 87' lang='lat' dir='ltr'><em>intervallo</em></span> <span class='ocrx_word' id='word_1_157' title='bbox 392 2208 493 2269; x_wconf 88' lang='lat' dir='ltr'><em>certior</em></span> <span class='ocrx_word' id='word_1_158' title='bbox 497 2206 600 2289; x_wconf 72' lang='lat' dir='ltr'><em>sottus</em></span> <span class='ocrx_word' id='word_1_159' title='bbox 606 2205 735 2287; x_wconf 82' lang='lat' dir='ltr'><em>fueram,</em></span> <span class='ocrx_word' id='word_1_160' title='bbox 752 2201 877 2268; x_wconf 89' lang='lat' dir='ltr'><em>Gelboe</em></span> <span class='ocrx_word' id='word_1_161' title='bbox 887 2205 947 2288; x_wconf 68' lang='lat' dir='ltr'><em>pss</em></span> <span class='ocrx_word' id='word_1_162' title='bbox 958 2223 1107 2284; x_wconf 89' lang='lat' dir='ltr'><em>montem,</em></span> <span class='ocrx_word' id='word_1_163' title='bbox 1120 2207 1162 2268; x_wconf 87' lang='lat' dir='ltr'><em>ita</em></span> <span class='ocrx_word' id='word_1_164' title='bbox 1176 2219 1209 2267; x_wconf 89' lang='lat' dir='ltr'><em>ut</em></span> <span class='ocrx_word' id='word_1_165' title='bbox 1222 2207 1263 2269; x_wconf 92' lang='lat' dir='ltr'><em>ad</em></span> 
     </span>
     <span class='ocr_line' id='line_1_18' title="bbox 217 2297 1259 2390; baseline -0.002 -25"><span class='ocrx_word' id='word_1_166' title='bbox 217 2303 308 2390; x_wconf 79' lang='lat' dir='ltr'><em>finem</em></span> <span class='ocrx_word' id='word_1_167' title='bbox 332 2303 449 2386; x_wconf 88' lang='lat' dir='ltr'><em>capituli</em></span> <span class='ocrx_word' id='word_1_168' title='bbox 465 2325 518 2364; x_wconf 88' lang='lat' dir='ltr'><em>non</em></span> <span class='ocrx_word' id='word_1_169' title='bbox 539 2328 552 2360; x_wconf 91' lang='lat'>‹</span> <span class='ocrx_word' id='word_1_170' title='bbox 570 2303 601 2365; x_wconf 89' lang='lat' dir='ltr'><em>in</em></span> <span class='ocrx_word' id='word_1_171' title='bbox 620 2297 690 2384; x_wconf 73' lang='lat' dir='ltr'><em>ipses</em></span> <span class='ocrx_word' id='word_1_172' title='bbox 706 2299 873 2380; x_wconf 88' lang='lat' dir='ltr'><em>montibus,</em></span> <span class='ocrx_word' id='word_1_173' title='bbox 886 2327 900 2358; x_wconf 73' lang='grc' dir='ltr'><em>ι</em></span> <span class='ocrx_word' id='word_1_174' title='bbox 904 2302 964 2389; x_wconf 88' lang='lat' dir='ltr'><em>sed</em></span> <span class='ocrx_word' id='word_1_175' title='bbox 972 2303 1003 2384; x_wconf 86' lang='lat'><em>(2</em></span> <span class='ocrx_word' id='word_1_176' title='bbox 1013 2297 1122 2385; x_wconf 64' lang='lat' dir='ltr'><em>Regl,</em></span> <span class='ocrx_word' id='word_1_177' title='bbox 1137 2303 1186 2385; x_wconf 81' lang='lat'><em>21)</em></span> <span class='ocrx_word' id='word_1_178' title='bbox 1205 2303 1259 2363; x_wconf 78' lang='lat' dir='ltr'><em>cin</em></span> 
     </span>
     <span class='ocr_line' id='line_1_19' title="bbox 226 2399 1204 2486; baseline -0.001 -22"><span class='ocrx_word' id='word_1_179' title='bbox 226 2402 381 2466; x_wconf 84' lang='lat' dir='ltr'><em>montibus</em></span> <span class='ocrx_word' id='word_1_180' title='bbox 400 2399 525 2467; x_wconf 84' lang='lat' dir='ltr'><em>Gelboe</em></span> <span class='ocrx_word' id='word_1_181' title='bbox 539 2420 697 2483; x_wconf 82' lang='lat' dir='ltr'><em>nunquam</em></span> <span class='ocrx_word' id='word_1_182' title='bbox 712 2399 837 2482; x_wconf 76' lang='lat' dir='ltr'><em>pluit&amp;</em></span> <span class='ocrx_word' id='word_1_183' title='bbox 850 2413 955 2462; x_wconf 78' lang='lat' dir='ltr'><em>catera</em></span> <span class='ocrx_word' id='word_1_184' title='bbox 972 2423 985 2457; x_wconf 76' lang='grc' dir='ltr'><em>ι</em></span> <span class='ocrx_word' id='word_1_185' title='bbox 1001 2399 1145 2481; x_wconf 88' lang='lat' dir='ltr'><em>legendum</em></span> <span class='ocrx_word' id='word_1_186' title='bbox 1152 2400 1204 2486; x_wconf 83' lang='lat' dir='ltr'><em>fit.</em></span> 
     </span>
     <span class='ocr_line' id='line_1_20' title="bbox 264 2494 1261 2584; baseline -0.001 -24"><span class='ocrx_word' id='word_1_187' title='bbox 264 2499 355 2582; x_wconf 60' lang='lat' dir='ltr'><em>Quod</em></span> <span class='ocrx_word' id='word_1_188' title='bbox 376 2512 468 2561; x_wconf 91' lang='lat' dir='ltr'><em>autem</em></span> <span class='ocrx_word' id='word_1_189' title='bbox 492 2494 622 2559; x_wconf 70' lang='lat' dir='ltr'><em>hetonini</em></span> <span class='ocrx_word' id='word_1_190' title='bbox 640 2497 872 2578; x_wconf 82' lang='lat' dir='ltr'><em>peregrinationis</em></span> <span class='ocrx_word' id='word_1_191' title='bbox 894 2497 958 2558; x_wconf 83' lang='lat' dir='ltr'><em>duae</em></span> <span class='ocrx_word' id='word_1_192' title='bbox 976 2496 1039 2582; x_wconf 84' lang='lat' dir='ltr'><em>ſsnt</em></span> <span class='ocrx_word' id='word_1_193' title='bbox 1060 2496 1261 2584; x_wconf 81' lang='lat' dir='ltr'><em>distinguenda</em></span> 
     </span>
     <span class='ocr_line' id='line_1_21' title="bbox 228 2591 1262 2678; baseline -0.005 -18"><span class='ocrx_word' id='word_1_194' title='bbox 228 2597 447 2673; x_wconf 75' lang='lat' dir='ltr'><em>retraetationes,</em></span> <span class='ocrx_word' id='word_1_195' title='bbox 459 2593 507 2657; x_wconf 86' lang='lat' dir='ltr'><em>hoc</em></span> <span class='ocrx_word' id='word_1_196' title='bbox 516 2593 593 2656; x_wconf 83' lang='lat' dir='ltr'><em>nullo</em></span> <span class='ocrx_word' id='word_1_197' title='bbox 603 2594 678 2656; x_wconf 93' lang='lat' dir='ltr'><em>modo</em></span> <span class='ocrx_word' id='word_1_198' title='bbox 688 2591 757 2654; x_wconf 81' lang='lat' dir='ltr'><em>mihi</em></span> <span class='ocrx_word' id='word_1_199' title='bbox 766 2594 952 2674; x_wconf 87' lang='lat' dir='ltr'><em>adprobatum</em></span> <span class='ocrx_word' id='word_1_200' title='bbox 963 2594 1087 2672; x_wconf 85' lang='lat' dir='ltr'><em>videtur,</em></span> <span class='ocrx_word' id='word_1_201' title='bbox 1102 2595 1199 2678; x_wconf 90' lang='lat' dir='ltr'><em>quippe</em></span> <span class='ocrx_word' id='word_1_202' title='bbox 1213 2593 1262 2675; x_wconf 91' lang='lat' dir='ltr'><em>qui</em></span> 
     </span>
     <span class='ocr_line' id='line_1_22' title="bbox 228 2691 1262 2781; baseline -0.005 -24"><span class='ocrx_word' id='word_1_203' title='bbox 228 2693 428 2781; x_wconf 85' lang='lat' dir='ltr'><em>Coduinensem</em></span> <span class='ocrx_word' id='word_1_204' title='bbox 445 2692 570 2771; x_wconf 85' lang='lat' dir='ltr'><em>codicem,</em></span> <span class='ocrx_word' id='word_1_205' title='bbox 592 2693 640 2774; x_wconf 86' lang='lat' dir='ltr'><em>qui</em></span> <span class='ocrx_word' id='word_1_206' title='bbox 663 2692 785 2754; x_wconf 89' lang='lat' dir='ltr'><em>alteram</em></span> <span class='ocrx_word' id='word_1_207' title='bbox 807 2715 839 2752; x_wconf 88' lang='lat' dir='ltr'><em>ex</em></span> <span class='ocrx_word' id='word_1_208' title='bbox 859 2691 917 2774; x_wconf 83' lang='lat' dir='ltr'><em>istis</em></span> <span class='ocrx_word' id='word_1_209' title='bbox 937 2692 1047 2754; x_wconf 84' lang='lat' dir='ltr'><em>duabus</em></span> <span class='ocrx_word' id='word_1_210' title='bbox 1066 2691 1262 2778; x_wconf 83' lang='lat' dir='ltr'><em>recenstonibus</em></span> 
     </span>
     <span class='ocr_line' id='line_1_23' title="bbox 224 2788 1262 2880; baseline -0.006 -24"><span class='ocrx_word' id='word_1_211' title='bbox 224 2793 368 2880; x_wconf 78' lang='lat' dir='ltr'><em>servavit,</em></span> <span class='ocrx_word' id='word_1_212' title='bbox 388 2803 488 2853; x_wconf 87' lang='lat' dir='ltr'><em>attente</em></span> <span class='ocrx_word' id='word_1_213' title='bbox 504 2789 683 2873; x_wconf 82' lang='lat' dir='ltr'><em>perlegerim,</em></span> <span class='ocrx_word' id='word_1_214' title='bbox 702 2788 793 2850; x_wconf 87' lang='lat' dir='ltr'><em>necin</em></span> <span class='ocrx_word' id='word_1_215' title='bbox 814 2810 842 2850; x_wconf 89' lang='lat' dir='ltr'><em>eo</em></span> <span class='ocrx_word' id='word_1_216' title='bbox 862 2789 933 2850; x_wconf 84' lang='lat' dir='ltr'><em>nihil</em></span> <span class='ocrx_word' id='word_1_217' title='bbox 951 2789 1034 2852; x_wconf 87' lang='lat' dir='ltr'><em>aliud</em></span> <span class='ocrx_word' id='word_1_218' title='bbox 1045 2813 1128 2873; x_wconf 89' lang='lat' dir='ltr'><em>quom</em></span> <span class='ocrx_word' id='word_1_219' title='bbox 1147 2790 1262 2872; x_wconf 88' lang='lat' dir='ltr'><em>genuini</em></span> 
     </span>
     <span class='ocr_line' id='line_1_24' title="bbox 227 2884 1263 2974; baseline -0.005 -21"><span class='ocrx_word' id='word_1_220' title='bbox 227 2891 314 2974; x_wconf 84' lang='lat' dir='ltr'><em>opert&#39;s</em></span> <span class='ocrx_word' id='word_1_221' title='bbox 336 2888 487 2973; x_wconf 89' lang='lat' dir='ltr'><em>quamdam</em></span> <span class='ocrx_word' id='word_1_222' title='bbox 510 2887 638 2972; x_wconf 85' lang='lat' dir='ltr'><em>epitomen</em></span> <span class='ocrx_word' id='word_1_223' title='bbox 668 2886 829 2969; x_wconf 88' lang='lat' dir='ltr'><em>repererim.</em></span> <span class='ocrx_word' id='word_1_224' title='bbox 856 2884 936 2948; x_wconf 88' lang='lat' dir='ltr'><em>Unus</em></span> <span class='ocrx_word' id='word_1_225' title='bbox 962 2889 1148 2950; x_wconf 88' lang='lat' dir='ltr'><em>tantummodo</em></span> <span class='ocrx_word' id='word_1_226' title='bbox 1172 2888 1263 2966; x_wconf 86' lang='lat' dir='ltr'><em>codex,</em></span> 
     </span>
    </p>
   </div>
   <div class='ocr_carea' id='block_1_6' title="bbox 116 2983 1262 3074">
    <p class='ocr_par' dir='ltr' id='par_1_6' title="bbox 116 2983 1262 3074">
     <span class='ocr_line' id='line_1_25' title="bbox 116 2983 1262 3074; baseline -0.001 -28"><span class='ocrx_word' id='word_1_227' title='bbox 116 3041 121 3046; x_wconf 91' lang='lat'>.</span> <span class='ocrx_word' id='word_1_228' title='bbox 219 2985 534 3074; x_wconf 79' lang='lat' dir='ltr'><em>scidcetSangallents,</em></span> <span class='ocrx_word' id='word_1_229' title='bbox 557 2985 604 3066; x_wconf 86' lang='lat' dir='ltr'><em>qui</em></span> <span class='ocrx_word' id='word_1_230' title='bbox 624 2984 731 3067; x_wconf 89' lang='lat' dir='ltr'><em>quidem</em></span> <span class='ocrx_word' id='word_1_231' title='bbox 753 2983 898 3066; x_wconf 80' lang='lat' dir='ltr'><em>archetypo</em></span> <span class='ocrx_word' id='word_1_232' title='bbox 921 2985 1041 3046; x_wconf 86' lang='lat' dir='ltr'><em>omnibus</em></span> <span class='ocrx_word' id='word_1_233' title='bbox 1063 2985 1126 3046; x_wconf 86' lang='lat' dir='ltr'><em>aliis</em></span> <span class='ocrx_word' id='word_1_234' title='bbox 1143 2985 1262 3068; x_wconf 90' lang='lat' dir='ltr'><em>propin-</em></span> 
     </span>
    </p>
   </div>
   <div class='ocr_carea' id='block_1_7' title="bbox 227 3079 1268 4147">
    <p class='ocr_par' dir='ltr' id='par_1_7' title="bbox 227 3079 1268 4147">
     <span class='ocr_line' id='line_1_26' title="bbox 229 3079 1262 3167; baseline -0.003 -22"><span class='ocrx_word' id='word_1_235' title='bbox 229 3083 306 3165; x_wconf 82' lang='lat' dir='ltr'><em>quior</em></span> <span class='ocrx_word' id='word_1_236' title='bbox 319 3083 368 3166; x_wconf 83' lang='lat' dir='ltr'><em>efl,</em></span> <span class='ocrx_word' id='word_1_237' title='bbox 389 3084 426 3146; x_wconf 86' lang='lat' dir='ltr'><em>ab</em></span> <span class='ocrx_word' id='word_1_238' title='bbox 445 3083 507 3146; x_wconf 80' lang='lat' dir='ltr'><em>alcis</em></span> <span class='ocrx_word' id='word_1_239' title='bbox 527 3095 694 3164; x_wconf 85' lang='lat' dir='ltr'><em>magnopere</em></span> <span class='ocrx_word' id='word_1_240' title='bbox 710 3080 785 3142; x_wconf 87' lang='lat' dir='ltr'><em>inter</em></span> <span class='ocrx_word' id='word_1_241' title='bbox 802 3080 833 3165; x_wconf 76' lang='lat' dir='ltr'><em>se</em></span> <span class='ocrx_word' id='word_1_242' title='bbox 849 3079 987 3165; x_wconf 85' lang='lat' dir='ltr'><em>stmilibus</em></span> <span class='ocrx_word' id='word_1_243' title='bbox 1001 3081 1196 3167; x_wconf 74' lang='lat' dir='ltr'><em>discernendus</em></span> <span class='ocrx_word' id='word_1_244' title='bbox 1217 3082 1262 3164; x_wconf 89' lang='grc' dir='ltr'><em>ιβ.</em></span> 
     </span>
     <span class='ocr_line' id='line_1_27' title="bbox 231 3177 1268 3268; baseline -0.003 -23"><span class='ocrx_word' id='word_1_245' title='bbox 231 3182 284 3245; x_wconf 85' lang='lat' dir='ltr'><em>Ille</em></span> <span class='ocrx_word' id='word_1_246' title='bbox 301 3183 391 3266; x_wconf 89' lang='lat' dir='ltr'><em>igitur</em></span> <span class='ocrx_word' id='word_1_247' title='bbox 404 3181 521 3244; x_wconf 70' lang='lat' dir='ltr'><em>memmi</em></span> <span class='ocrx_word' id='word_1_248' title='bbox 537 3179 624 3262; x_wconf 89' lang='lat' dir='ltr'><em>pretij</em></span> <span class='ocrx_word' id='word_1_249' title='bbox 641 3180 687 3263; x_wconf 87' lang='lat' dir='ltr'><em>est,</em></span> <span class='ocrx_word' id='word_1_250' title='bbox 709 3201 793 3260; x_wconf 84' lang='lat' dir='ltr'><em>quum</em></span> <span class='ocrx_word' id='word_1_251' title='bbox 814 3203 846 3240; x_wconf 86' lang='lat' dir='ltr'><em>ex</em></span> <span class='ocrx_word' id='word_1_252' title='bbox 868 3179 924 3241; x_wconf 88' lang='lat' dir='ltr'><em>eius</em></span> <span class='ocrx_word' id='word_1_253' title='bbox 946 3180 1107 3242; x_wconf 70' lang='lat' dir='ltr'><em>autoritate</em></span> <span class='ocrx_word' id='word_1_254' title='bbox 1127 3177 1213 3268; x_wconf 86' lang='lat' dir='ltr'><em>usque</em></span> <span class='ocrx_word' id='word_1_255' title='bbox 1226 3180 1268 3242; x_wconf 90' lang='lat' dir='ltr'><em>ad</em></span> 
     </span>
     <span class='ocr_line' id='line_1_28' title="bbox 229 3275 1264 3362; baseline -0.003 -20"><span class='ocrx_word' id='word_1_256' title='bbox 229 3278 385 3342; x_wconf 83' lang='lat' dir='ltr'><em>Nazareth</em></span> <span class='ocrx_word' id='word_1_257' title='bbox 408 3277 531 3340; x_wconf 87' lang='lat' dir='ltr'><em>ordinem</em></span> <span class='ocrx_word' id='word_1_258' title='bbox 555 3277 697 3358; x_wconf 83' lang='lat' dir='ltr'><em>restituere</em></span> <span class='ocrx_word' id='word_1_259' title='bbox 720 3275 786 3338; x_wconf 82' lang='lat' dir='ltr'><em>neibi</em></span> <span class='ocrx_word' id='word_1_260' title='bbox 806 3276 923 3355; x_wconf 85' lang='lat' dir='ltr'><em>licuerit,</em></span> <span class='ocrx_word' id='word_1_261' title='bbox 948 3299 995 3338; x_wconf 88' lang='lat' dir='ltr'><em>nec</em></span> <span class='ocrx_word' id='word_1_262' title='bbox 1014 3276 1091 3338; x_wconf 87' lang='lat' dir='ltr'><em>illud</em></span> <span class='ocrx_word' id='word_1_263' title='bbox 1106 3275 1264 3362; x_wconf 83' lang='lat' dir='ltr'><em>defiderari</em></span> 
     </span>
     <span class='ocr_line' id='line_1_29' title="bbox 227 3373 1265 3462; baseline -0.002 -24"><span class='ocrx_word' id='word_1_264' title='bbox 227 3377 296 3462; x_wconf 76' lang='lat' dir='ltr'><em>satis</em></span> <span class='ocrx_word' id='word_1_265' title='bbox 304 3377 399 3461; x_wconf 88' lang='lat' dir='ltr'><em>potest,</em></span> <span class='ocrx_word' id='word_1_266' title='bbox 416 3375 507 3438; x_wconf 87' lang='lat' dir='ltr'><em>irritis</em></span> <span class='ocrx_word' id='word_1_267' title='bbox 517 3375 639 3437; x_wconf 85' lang='lat' dir='ltr'><em>omnibus</em></span> <span class='ocrx_word' id='word_1_268' title='bbox 652 3373 694 3435; x_wconf 89' lang='lat' dir='ltr'><em>ad</em></span> <span class='ocrx_word' id='word_1_269' title='bbox 699 3373 879 3437; x_wconf 85' lang='lat' dir='ltr'><em>inveniendos</em></span> <span class='ocrx_word' id='word_1_270' title='bbox 887 3375 990 3457; x_wconf 86' lang='lat' dir='ltr'><em>ignotos</em></span> <span class='ocrx_word' id='word_1_271' title='bbox 1005 3375 1105 3437; x_wconf 88' lang='lat' dir='ltr'><em>codices</em></span> <span class='ocrx_word' id='word_1_272' title='bbox 1116 3375 1265 3453; x_wconf 86' lang='lat' dir='ltr'><em>conatibus,</em></span> 
     </span>
     <span class='ocr_line' id='line_1_30' title="bbox 230 3471 1265 3560; baseline -0.001 -24"><span class='ocrx_word' id='word_1_273' title='bbox 230 3475 302 3559; x_wconf 88' lang='lat' dir='ltr'><em>quod</em></span> <span class='ocrx_word' id='word_1_274' title='bbox 319 3473 482 3556; x_wconf 82' lang='lat' dir='ltr'><em>archetypon</em></span> <span class='ocrx_word' id='word_1_275' title='bbox 495 3473 547 3536; x_wconf 87' lang='lat' dir='ltr'><em>vel</em></span> <span class='ocrx_word' id='word_1_276' title='bbox 544 3472 651 3560; x_wconf 85' lang='lat' dir='ltr'><em>saltem</em></span> <span class='ocrx_word' id='word_1_277' title='bbox 665 3472 722 3534; x_wconf 84' lang='lat' dir='ltr'><em>eius</em></span> <span class='ocrx_word' id='word_1_278' title='bbox 728 3471 916 3556; x_wconf 80' lang='lat' dir='ltr'><em>fidedfflmam</em></span> <span class='ocrx_word' id='word_1_279' title='bbox 936 3472 1193 3560; x_wconf 86' lang='lat' dir='ltr'><em>transcriptionem,</em></span> <span class='ocrx_word' id='word_1_280' title='bbox 1208 3495 1265 3553; x_wconf 93' lang='lat' dir='ltr'><em>qua</em></span> 
     </span>
     <span class='ocr_line' id='line_1_31' title="bbox 230 3569 1264 3655; baseline -0.001 -20"><span class='ocrx_word' id='word_1_281' title='bbox 230 3573 394 3650; x_wconf 83' lang='lat' dir='ltr'><em>adiuvante,</em></span> <span class='ocrx_word' id='word_1_282' title='bbox 408 3569 513 3655; x_wconf 83' lang='lat' dir='ltr'><em>secturi</em></span> <span class='ocrx_word' id='word_1_283' title='bbox 530 3570 644 3632; x_wconf 84' lang='lat' dir='ltr'><em>editores</em></span> <span class='ocrx_word' id='word_1_284' title='bbox 666 3569 788 3631; x_wconf 88' lang='lat' dir='ltr'><em>certiora</em></span> <span class='ocrx_word' id='word_1_285' title='bbox 803 3570 996 3650; x_wconf 77' lang='lat' dir='ltr'><em>fundamenta</em></span> <span class='ocrx_word' id='word_1_286' title='bbox 1017 3569 1216 3650; x_wconf 83' lang='lat' dir='ltr'><em>instaurarent</em></span> <span class='ocrx_word' id='word_1_287' title='bbox 1230 3571 1264 3634; x_wconf 53' lang='grc' dir='ltr'>ὅ</span> 
     </span>
     <span class='ocr_line' id='line_1_32' title="bbox 231 3666 1265 3753; baseline -0.004 -20"><span class='ocrx_word' id='word_1_288' title='bbox 231 3670 315 3734; x_wconf 86' lang='lat' dir='ltr'><em>lucem</em></span> <span class='ocrx_word' id='word_1_289' title='bbox 328 3669 434 3752; x_wconf 78' lang='lat' dir='ltr'><em>longius</em></span> <span class='ocrx_word' id='word_1_290' title='bbox 443 3668 619 3752; x_wconf 85' lang='lat' dir='ltr'><em>proferrent,</em></span> <span class='ocrx_word' id='word_1_291' title='bbox 639 3667 743 3730; x_wconf 86' lang='lat' dir='ltr'><em>nemini</em></span> <span class='ocrx_word' id='word_1_292' title='bbox 756 3668 880 3750; x_wconf 86' lang='lat' dir='ltr'><em>reperire</em></span> <span class='ocrx_word' id='word_1_293' title='bbox 898 3669 1049 3749; x_wconf 87' lang='lat' dir='ltr'><em>contigerit.</em></span> <span class='ocrx_word' id='word_1_294' title='bbox 1077 3666 1265 3753; x_wconf 80' lang='lat' dir='ltr'><em>Sangallensts</em></span> 
     </span>
     <span class='ocr_line' id='line_1_33' title="bbox 232 3762 1265 3853; baseline -0.003 -24"><span class='ocrx_word' id='word_1_295' title='bbox 232 3780 321 3829; x_wconf 85' lang='lat' dir='ltr'><em>autem</em></span> <span class='ocrx_word' id='word_1_296' title='bbox 335 3766 416 3828; x_wconf 89' lang='lat' dir='ltr'><em>codex</em></span> <span class='ocrx_word' id='word_1_297' title='bbox 429 3763 583 3853; x_wconf 88' lang='lat' dir='ltr'><em>nonsolum</em></span> <span class='ocrx_word' id='word_1_298' title='bbox 596 3765 654 3826; x_wconf 90' lang='lat' dir='ltr'><em>ideo</em></span> <span class='ocrx_word' id='word_1_299' title='bbox 664 3763 803 3847; x_wconf 81' lang='lat' dir='ltr'><em>perutids,</em></span> <span class='ocrx_word' id='word_1_300' title='bbox 812 3762 964 3853; x_wconf 86' lang='lat' dir='ltr'><em>sedetiam</em></span> <span class='ocrx_word' id='word_1_301' title='bbox 978 3765 1007 3826; x_wconf 88' lang='lat' dir='ltr'><em>in</em></span> <span class='ocrx_word' id='word_1_302' title='bbox 1023 3765 1116 3826; x_wconf 89' lang='lat' dir='ltr'><em>multis</em></span> <span class='ocrx_word' id='word_1_303' title='bbox 1129 3762 1193 3827; x_wconf 87' lang='lat' dir='ltr'><em>locis</em></span> <span class='ocrx_word' id='word_1_304' title='bbox 1208 3787 1265 3826; x_wconf 92' lang='lat' dir='ltr'><em>me-</em></span> 
     </span>
     <span class='ocr_line' id='line_1_34' title="bbox 231 3861 1264 3944; baseline -0.002 -18"><span class='ocrx_word' id='word_1_305' title='bbox 231 3865 325 3926; x_wconf 89' lang='lat' dir='ltr'><em>liorem</em></span> <span class='ocrx_word' id='word_1_306' title='bbox 339 3877 442 3928; x_wconf 88' lang='lat' dir='ltr'><em>textum</em></span> <span class='ocrx_word' id='word_1_307' title='bbox 455 3865 489 3926; x_wconf 70' lang='lat' dir='ltr'><em>fid</em></span> <span class='ocrx_word' id='word_1_308' title='bbox 503 3862 652 3926; x_wconf 80' lang='lat' dir='ltr'><em>addtiones</em></span> <span class='ocrx_word' id='word_1_309' title='bbox 662 3861 804 3944; x_wconf 87' lang='lat' dir='ltr'><em>plurimas</em></span> <span class='ocrx_word' id='word_1_310' title='bbox 814 3864 932 3944; x_wconf 80' lang='lat' dir='ltr'><em>prabet.</em></span> <span class='ocrx_word' id='word_1_311' title='bbox 949 3861 994 3924; x_wconf 83' lang='lat' dir='ltr'><em>Ex</em></span> <span class='ocrx_word' id='word_1_312' title='bbox 1009 3862 1072 3924; x_wconf 85' lang='lat' dir='ltr'><em>aliis</em></span> <span class='ocrx_word' id='word_1_313' title='bbox 1083 3883 1153 3924; x_wconf 88' lang='lat' dir='ltr'><em>vero</em></span> <span class='ocrx_word' id='word_1_314' title='bbox 1166 3862 1264 3924; x_wconf 87' lang='lat' dir='ltr'><em>codici-</em></span> 
     </span>
     <span class='ocr_line' id='line_1_35' title="bbox 233 3959 1265 4048; baseline -0.003 -23"><span class='ocrx_word' id='word_1_315' title='bbox 233 3963 281 4025; x_wconf 81' lang='lat' dir='ltr'><em>bus</em></span> <span class='ocrx_word' id='word_1_316' title='bbox 294 3985 327 4026; x_wconf 88' lang='lat' dir='ltr'><em>eo</em></span> <span class='ocrx_word' id='word_1_317' title='bbox 340 3984 403 4043; x_wconf 80' lang='lat' dir='ltr'><em>quae</em></span> <span class='ocrx_word' id='word_1_318' title='bbox 417 3961 486 4023; x_wconf 90' lang='lat' dir='ltr'><em>addi</em></span> <span class='ocrx_word' id='word_1_319' title='bbox 495 3959 612 4044; x_wconf 80' lang='lat' dir='ltr'><em>peffent,</em></span> <span class='ocrx_word' id='word_1_320' title='bbox 631 3960 825 4048; x_wconf 88' lang='lat' dir='ltr'><em>minorissunt</em></span> <span class='ocrx_word' id='word_1_321' title='bbox 836 3961 971 4038; x_wconf 74' lang='lat' dir='ltr'><em>moerenti,</em></span> <span class='ocrx_word' id='word_1_322' title='bbox 992 3961 1092 4044; x_wconf 89' lang='lat' dir='ltr'><em>quippe</em></span> <span class='ocrx_word' id='word_1_323' title='bbox 1102 3982 1167 4042; x_wconf 80' lang='lat' dir='ltr'><em>qua</em></span> <span class='ocrx_word' id='word_1_324' title='bbox 1171 3959 1265 4042; x_wconf 86' lang='lat' dir='ltr'><em>facile</em></span> 
     </span>
     <span class='ocr_line' id='line_1_36' title="bbox 234 4055 770 4147; baseline -0.006 -27"><span class='ocrx_word' id='word_1_325' title='bbox 234 4057 362 4147; x_wconf 84' lang='lat' dir='ltr'><em>ascribis</em></span> <span class='ocrx_word' id='word_1_326' title='bbox 373 4057 543 4140; x_wconf 87' lang='lat' dir='ltr'><em>interpolato</em></span> <span class='ocrx_word' id='word_1_327' title='bbox 557 4055 610 4142; x_wconf 68' lang='lat' dir='ltr'><em>ff</em></span> <span class='ocrx_word' id='word_1_328' title='bbox 620 4056 770 4139; x_wconf 86' lang='lat' dir='ltr'><em>potuerint.</em></span> 
     </span>
    </p>
   </div>
   <div class='ocr_carea' id='block_1_8' title="bbox 229 4221 1265 4376">
    <p class='ocr_par' dir='ltr' id='par_1_8' title="bbox 229 4221 1265 4376">
     <span class='ocr_line' id='line_1_37' title="bbox 271 4221 1265 4296; baseline -0.001 -21"><span class='ocrx_word' id='word_1_329' title='bbox 271 4224 331 4276; x_wconf 67' lang='lat'><em>11².</em></span> <span class='ocrx_word' id='word_1_330' title='bbox 353 4221 594 4292; x_wconf 59' lang='lat' dir='ltr'><em>Toch,„Axtooiuur</em></span> <span class='ocrx_word' id='word_1_331' title='bbox 613 4232 717 4289; x_wconf 59' lang='lat' dir='ltr'><em>marm,</em></span> <span class='ocrx_word' id='word_1_332' title='bbox 779 4221 842 4274; x_wconf 78' lang='lat' dir='ltr'><em>nach</em></span> <span class='ocrx_word' id='word_1_333' title='bbox 864 4223 919 4273; x_wconf 85' lang='lat' dir='ltr'><em>dem</em></span> <span class='ocrx_word' id='word_1_334' title='bbox 941 4222 1127 4292; x_wconf 82' lang='lat' dir='ltr'><em>Morgerdande.</em></span> <span class='ocrx_word' id='word_1_335' title='bbox 1152 4221 1265 4296; x_wconf 78' lang='lat' dir='ltr'><em>Leipzig,</em></span> 
     </span>
     <span class='ocr_line' id='line_1_38' title="bbox 229 4301 911 4376; baseline 0 -20"><span class='ocrx_word' id='word_1_336' title='bbox 229 4302 297 4372; x_wconf 75' lang='lat' dir='ltr'><em>sciere</em></span> <span class='ocrx_word' id='word_1_337' title='bbox 323 4301 376 4360; x_wconf 81' lang='lat' dir='ltr'><em>teir</em></span> <span class='ocrx_word' id='word_1_338' title='bbox 396 4305 449 4358; x_wconf 76' lang='lat' dir='ltr'><em>eod</em></span> <span class='ocrx_word' id='word_1_339' title='bbox 466 4301 537 4373; x_wconf 78' lang='lat' dir='ltr'><em>seiae</em></span> <span class='ocrx_word' id='word_1_340' title='bbox 565 4301 721 4376; x_wconf 75' lang='lat' dir='ltr'><em>Pc&#39;lgerjahrt</em></span> <span class='ocrx_word' id='word_1_341' title='bbox 783 4305 911 4371; x_wconf 82' lang='lat'><em>1864,40.</em></span> 
     </span>
    </p>
   </div>
   <div class='ocr_carea' id='block_1_9' title="bbox 0 0 1756 5718">
    <p class='ocr_par' dir='ltr' id='par_1_9' title="bbox 0 0 1756 5718">
     <span class='ocr_line' id='line_1_39' title="bbox 0 0 1756 5718; baseline 0 0"><span class='ocrx_word' id='word_1_342' title='bbox 0 0 1756 5718; x_wconf 95' lang='lat' dir='ltr'><em> </em></span> 
     </span>
    </p>
   </div>
  </div>
 </body>
</html>
