3354 5706
442 565 493 618 DE
518 566 621 620 Locls
646 565 812 621 SANCTIS.
1073 567 1137 648 173

85 800 201 854 cum‘¹
220 785 377 883 spelunca
398 784 533 883 duplici,
558 787 730 884 respiciens
755 791 917 878 mambre,
940 813 1041 884 quam
1061 787 1140 860 emit

85 889 277 964 Abraham
298 891 339 964 ab
357 892 487 989 Ephron
505 894 668 986 Hethaeo‚
691 895 725 966 in
748 892 978 990 possessionem
1001 894 1139 993 duplicis

86 998 275 1094 sepulcris

144 1109 185 1176 ln
206 1105 304 1176 huius
321 1107 418 1204 agelli
443 1107 526 1179 valle
547 1108 673 1179 sandius
693 1109 843 1180 Arculsus
859 1108 972 1178 locum
981 1112 1141 1204 sepulcro·

89 1241 163 1282 rum
184 1217 280 1283 osrbe
296 1211 442 1306 vifitavit,
461 1214 527 1285 hoc
539 1215 594 1305 est,
612 1239 754 1311 quatuor
764 1222 1021 1310 patriarcharum,
1037 1213 1142 1286 Abra·

90 1319 181 1389 ham
200 1321 240 1390 ἃ
258 1319 343 1390 lsaac
359 1323 394 1391 δε
411 1320 509 1392 lacob
524 1324 558 1392 ἃ
576 1320 696 1414 Adam,
713 1324 811 1419 primi
825 1322 980 1412 hominis,
999 1347 1141 1418 quorum

90 1425 221 1522 plante
233 1425 316 1518 sunt,
330 1452 400 1498 non
414 1425 531 1499 ficutin
544 1430 613 1500 aliis
627 1428 713 1500 orbis
723 1426 912 1526 regionibus
926 1427 968 1499 ad
981 1430 1141 1500 orientem

91 1532 323 1603 humatorum
349 1536 497 1606 converti
521 1538 620 1606 moris
639 1536 693 1628 est,
716 1536 770 1607 sed
796 1535 839 1606 ad
862 1533 1032 1606 meridiem
1053 1535 1142 1607 verse

94 1641 132 1709 dt
174 1641 290 1736 capita
324 1665 440 1712 contra
475 1642 760 1737 septentrionalem
797 1643 933 1740 plagam
976 1643 1140 1714 conversa.

95 1747 244 1816 Horum
260 1747 353 1818 locus
371 1749 595 1845 sepulcrorum
611 1748 774 1845 quadrato
791 1749 905 1820 humili
927 1751 1142 1821 circumveni-

96 1879 152 1922 tur
187 1879 299 1925 muro.
323 1853 434 1925 Adam
458 1856 690 1952 protoplastus,
715 1858 768 1926 cui
793 1857 956 1953 peccanti,
981 1857 1141 1926 continuo

96 1959 177 2057 post
196 1985 423 2056 perpetratum
440 1986 627 2057 peccatum,
647 1989 666 2034 a
683 1965 758 2035 Deo
776 1986 921 2034 creatore
938 1961 1062 2034 diuum
1079 1963 1142 2033 est:

100 2064 203 2137 Terra
222 2095 255 2136 es
272 2067 303 2137 ee
320 2075 351 2137 in
370 2095 478 2138 rmum
497 2073 568 2156 ibis,
588 2069 752 2166 separatus
768 2095 787 2140 a
805 2070 917 2140 ceteris
937 2067 1037 2140 tribus
1054 2062 1143 2139 haud

98 2173 221 2272 longe,
243 2173 286 2244 ad
303 2172 471 2246 borealem
489 2175 739 2274 quadrangulati
759 2174 881 2272 lapidei
902 2176 996 2248 valli‘
1016 2199 1143 2273 partem

100 2303 283 2374 extremus,
307 2307 375 2356 non
397 2285 431 2354 in
456 2281 574 2354 saxeos
587 2285 622 2354 in
646 2307 739 2380 petra
761 2283 867 2354 exciso
885 2281 1033 2378 sepulcro
1051 2282 1145 2380 super

101 2411 241 2479 terram,
264 2413 299 2460 ut
317 2392 414 2460 ceteri
426 2389 468 2462 de
486 2391 608 2462 semine
626 2393 693 2462 eius
718 2390 872 2461 honorati
889 2389 1069 2485 quiescunt,
1087 2387 1143 2460 sed

102 2495 136 2566 in
157 2519 249 2566 terra
268 2494 442 2588 humatus,‘
466 2497 569 2568 humo
588 2502 700 2587 tetrus,
718 2493 838 2594 &ipse
856 2495 962 2594 pulvis
979 2498 1013 2568 in
1030 2494 1144 2591 pulve-

105 2627 177 2672 rem
209 2603 329 2694 versus,
364 2604 550 2700 exspeslans
585 2605 851 2675 resurrestionem
885 2628 961 2675 cum
994 2602 1143 2674 universo
1255 2595 1261 2613 i

106 2709 235 2781 semine
249 2711 318 2798 su0,
333 2713 456 2806 pausat.
476 2711 510 2782 lit
528 2708 570 2782 src
587 2711 628 2782 de
645 2711 700 2781 tali
717 2710 865 2807 sepulcro
882 2709 973 2781 eiusf
985 2708 1027 2781 ad
1040 2709 1145 2807 ipsum

107 2815 149 2886 de
168 2817 244 2912 ipso
261 2817 389 2913 prolata
405 2819 551 2915 expletur
567 2817 679 2890 divina
695 2818 859 2890 sententia.

155 2925 203 3017 Et,
221 2928 310 2996 iuxta
327 2926 514 3021 exemplum
531 2926 628 3022 primi
641 2927 782 3022 parentis
799 2926 946 3021 sepulcri,
965 2925 1061 2995 ceteri
1082 2947 1144 2994 tres

109 3033 294 3128 patriarche
322 3031 391 3130 ipfi,
419 3033 475 3104 vili
499 3034 633 3130 pulvere
659 3035 746 3124 testi,
771 3032 971 3104 dormientes
996 3031 1144 3127 pausant,

109 3165 256 3235 quorum
275 3165 414 3236 quatuor
430 3141 578 3237 sepulcra
594 3139 716 3212 habent
743 3139 947 3211 circumcisas
965 3141 999 3209 ἃ
1017 3136 1144 3209 dolatas

111 3245 152 3318 de
170 3247 303 3347 singulis
325 3249 490 3347 lapidibus
508 3245 734 3346 superposrtas,
753 3244 841 3342 quast
864 3245 907 3316 ad
927 3247 1071 3316 sormam
1087 3243 1144 3314 ali·

113 3359 202 3428 cuius
222 3354 362 3447 basilice,
375 3383 491 3454 parvas
508 3358 684 3428 memorias
701 3353 873 3426 fabricatas
893 3357 928 3425 &
948 3355 1035 3424 iuxta
1053 3377 1145 3422 men·

114 3465 221 3536 suram
243 3463 458 3562 longitudinis
479 3468 513 3535 ὅ(
537 3461 715 3535 latitudinis
742 3461 988 3556 uniuscuiusque
1010 3457 1147 3555 sepulcri

114 3571 281 3644 formatas.
306 3571 473 3644 Abraham
486 3575 520 3643 ἃ
535 3573 618 3642 lsaac
629 3573 664 3642 δι
683 3567 777 3640 lacob
792 3572 850 3640 tria
868 3568 1013 3665 sepulcra
1029 3568 1147 3658 vicina,

114 3677 214 3752 tribus
243 3677 447 3777 superpofitis
476 3678 562 3750 duris
587 3674 760 3748 candidist
780 3673 953 3773 lapidibus,
979 3674 1021 3745 ad
1051 3674 1147 3762 hanc,

117 3783 155 3855 de
172 3812 241 3882 qua
271 3812 360 3857 nunc
377 3784 569 3882 scripsrmus,
594 3784 736 3882 figuram
760 3785 918 3874 formatis,
942 3805 978 3852 ut
1002 3782 1146 3877 superius

116 3889 242 3965 diuum
267 3894 321 3982 est,
347 3917 576 3990 proteguntur3
599 3891 709 3962 Adam
735 3917 814 3963 vero
841 3889 1024 3986 sepulcrum
1041 3887 1146 3983 super·

151 4125 173 4159 a.
191 4109 265 4160 Addo
280 4123 346 4158 cum.
364 4135 396 4145 -
413 4108 438 4158 b.
457 4108 495 4170 B,
515 4107 551 4170 V,
572 4108 599 4156 R.
663 4121 713 4156 non
728 4103 791 4156 insta
802 4122 831 4156 ex
845 4121 875 4155 ea
889 4101 913 4154 in
930 4113 1007 4170 petra.
1023 4128 1055 4137 -
1073 4117 1096 4150 e.
1111 4099 1142 4149 B.

120 4189 227 4240 addunt.-
250 4205 300 4256 que
321 4205 370 4238 non
395 4185 509 4238 videntur
530 4187 602 4253 super
665 4184 704 4248 V,
721 4187 750 4236 R.
767 4183 832 4236 intra
851 4183 967 4234 humatos
989 4179 1012 4232 in
1030 4179 1107 4242 humo
1128 4189 1145 4228 t.

120 4277 208 4320 terram
223 4267 265 4320 sed
280 4267 324 4318 sub
337 4277 402 4318 terra
412 4277 530 4336 putantur
544 4265 601 4318 bina
664 4295 697 4306 -
711 4265 727 4317 s.
743 4266 782 4330 B,
798 4262 949 4332 V.‚R.quod
959 4261 1057 4315 interra
1070 4257 1148 4326 sepul-

20 4365 22 4374 ’
122 4345 235 4415 sepulcra.
256 4377 288 4386 —
308 4365 331 4398 c.
346 4348 373 4398 L.
387 4346 464 4397 vallis.
483 4377 515 4385 —
533 4346 557 4397 d.
571 4347 600 4397 B.
664 4345 796 4398 tusell.-
806 4363 832 4414 g.
847 4347 885 4409 s..,
899 4344 937 4408 B,
948 4341 983 4394 as.
995 4338 1111 4393 conditis.
