3354 5706
424 549 475 601 DE
499 547 603 602 LOCIS
628 545 754 600 SANCT
756 547 795 598 IS.

155 881 257 954 XXll.
283 887 333 953 De
352 885 409 953 islo
428 885 506 971 loco,
526 890 557 953 in
574 910 631 976 quo
650 889 802 952 Dominus
819 888 946 973 quinque
958 904 1055 971 pones

404 991 524 1061 &duos
535 994 638 1085 pisces
655 993 814 1059 benedixit.

137 1157 194 1228 Ad
203 1185 308 1255 quem
316 1159 545 1231 locu'mnoster
555 1160 630 1255 sepe
639 1180 839 1229 memoratus
852 1156 999 1253 pervenit
1012 1154 1125 1225 Arcul·

91 1267 154 1336 fus:
173 1269 269 1338 cuius
287 1265 440 1338 herbosus
457 1269 492 1337 δε
510 1267 626 1362 planus
646 1291 793 1362 campus,
815 1290 854 1335 ex
876 1288 942 1358 quo
960 1261 1013 1333 die
1029 1263 1064 1331 in
1082 1287 1123 1332 eo

90 1372 240 1444 Salvator
266 1374 409 1468 quinque
439 1372 539 1443 millia
567 1372 743 1444 hominum
764 1373 910 1467 quinque
927 1365 1065 1465 panibus
1090 1371 1125 1439 δι

90 1476 221 1549 duobus
243 1478 383 1575 piscibus
409 1480 573 1568 saturavit,
598 1503 770 1574 nunquam
791 1501 896 1548 aratus
918 1476 975 1546 est:
997 1477 1029 1546 in
1054 1501 1123 1571 quo

91 1586 178 1658 nulla
195 1611 374 1658 cernuntur
390 1585 536 1678 edificia,
554 1583 713 1680 quasdam
727 1582 939 1655 solummodo
953 1582 1123 1654 columnas

92 1720 209 1789 paucas
233 1694 384 1766 Arculfus
407 1693 529 1790 aspexit
550 1691 706 1790 lapideas,
729 1693 823 1788 super
840 1691 1024 1788 marginem
1040 1689 1123 1760 illius

94 1800 242 1872 fonticuli
258 1802 412 1892 iacentes,
435 1798 477 1872 de
490 1826 558 1895 quo
577 1799 619 1870 illi
637 1797 759 1870 eodem
776 1795 937 1886 biberunt,
960 1819 996 1866 ut
1013 1796 1124 1886 fertur,

93 1907 153 1999 die,
172 1933 243 2004 quo
262 1909 428 1979 Dominus
442 1907 613 1978 esurientes
627 1931 683 1977 eos
699 1905 753 1978 tali
767 1905 944 1976 refedlione
957 1905 1122 1976 recreavit.

94 2016 159 2111 Qti
186 2015 340 2086 videlicet
364 2016 458 2086 locus
486 2015 583 2085 citra⁶
606 2039 696 2084 mare
716 2012 844 2084 Galilee
869 2011 923 2102 est,
949 2011 1122 2108 respiciens

93 2123 255 2196 civitatem
272 2120 481 2194 Tiberiadem
497 2118 538 2192 ab
557 2119 684 2210 australi
699 2120 799 2218 plaga
813 2116 869 2189 stbi
885 2142 1120 2190 occurrentem

191 2437 302 2508 XXlll.
328 2442 379 2509 De
395 2447 473 2510 mori
490 2439 664 2510 Tiberiadis
681 2441 712 2512 ὂ
729 2443 765 2510 de
782 2443 1005 2534 Capharnaum.

139 2603 217 2700 Qui,
227 2601 271 2676 ab
281 2605 516 2699 Hierosolymis
525 2605 769 2700 descendentes,
779 2609 1017 2706 Capharnaum
1031 2605 1120 2678 adire

94 2711 234 2806 cupiunt,
260 2736 296 2781 ut
316 2712 464 2784 Arculfus
484 2715 588 2806 refert,
612 2741 669 2811 per
691 2712 899 2787 Tiberiadem
919 2717 973 2788 via
995 2713 1120 2788 vadunt

95 2821 183 2908 tedia,
207 2817 329 2891 deinde
356 2821 443 2892 secus
468 2821 576 2892 lacum
592 2823 785 2915 Cinnereth,
808 2821 900 2919 quod
924 2823 968 2894 est
984 2824 1019 2893 &
1036 2851 1117 2892 more

96 2927 322 2997 Tiberiadis&
347 2955 436 3000 mare
461 2929 600 3020 Galilee,
619 2928 751 3002 locum⁶
768 2931 908 3026 superius
934 2952 1116 3000 memorate

97 3026 325 3104 benedidlionis
342 3061 400 3131 pet
416 3033 562 3106 bivium‘
578 3034 710 3129 habent,
730 3063 749 3109 a
768 3062 848 3134 qu0,
865 3061 923 3133 per
936 3037 1119 3135 marginem

97 3137 232 3210 eiusdem
267 3141 361 3238 supra
394 3146 567 3216 memorati
597 3144 710 3244 stagni,
744 3170 814 3217 non
843 3144 949 3244 longo
984 3143 1118 3214 circuitu

98 3247 300 3337 Capharnaum
325 3253 518 3346 perveniunt
545 3253 741 3322 maritimam
767 3253 800 3322 in
822 3250 941 3324 finibus
963 3248 1117 3322 Zabulon

97 3349 453 3452 &Nephthalim.Q1e,
468 3383 502 3428 ut
515 3357 665 3428 Arculfits
678 3358 783 3449 refert,
793 3361 850 3455 qui
863 3385 936 3430 eam
949 3356 991 3429 de
1003 3381 1119 3440 monte

97 3457 196 3530 vicino
211 3461 386 3558 prospexit,
400 3467 529 3534 mittum
544 3490 612 3537 non
627 3463 760 3557 habens,
774 3465 912 3563 angusto
926 3467 1009 3537 inter
1020 3490 1117 3536 mon·

98 3586 158 3633 tem
179 3569 212 3636 ἃ
239 3569 390 3667 stagnum
416 3573 581 3641 coarstata
599 3571 715 3667 spati0,
738 3571 904 3670 perillam
920 3573 1117 3642 maritimam

100 3692 183 3740 oram
196 3673 304 3772 longo
327 3674 453 3746 tramite
471 3674 688 3771 protenditur3
712 3701 862 3748 montem
879 3675 921 3749 ab
939 3677 1119 3774 aquilonali

99 3774 196 3874 plaga,
204 3778 332 3850 lacumd
347 3807 426 3854 veto
437 3779 479 3854 ab
492 3781 616 3854 australi
625 3781 758 3876 habens,
771 3783 813 3856 ab
823 3785 940 3857 occasu
952 3787 987 3857 in
996 3809 1103 3858 ortum

100 3885 218 3958 extensa
235 3884 393 3986 dirigitur.
1026 3921 1028 3928 ι

129 4163 150 4198 a.
164 4149 198 4213 t,
212 4153 247 4215 3.,
260 4153 297 4218 V,
311 4155 339 4206 R.
353 4166 448 4206 contra
461 4183 494 4195 -
503 4156 527 4207 b.
536 4155 575 4208 Sic
636 4157 755 4226 pervium.
774 4187 806 4200 —
819 4159 845 4212 d.
859 4161 887 4212 B.
904 4161 995 4212 locum.
1010 4190 1042 4202 -
1055 4179 1077 4216 e.
1087 4163 1117 4215 L.

99 4239 150 4291 tgr,¹
171 4229 204 4280 al.
226 4231 369 4302 locumque.
387 4261 419 4272 -
435 4251 455 4286 e
480 4235 519 4303 L,
539 4235 573 4287 al.
635 4237 725 4290 occasu
738 4255 806 4291 mare
819 4251 953 4292 mortuum.
