3448 5718
361 605 365 614 ι
469 517 513 588 liv
880 529 1103 584 samonum.

470 751 670 836 opinabuntur,
692 745 863 834 nistsbrson
894 747 1032 832 Nostrum
1051 744 1196 833 scriptum
1224 745 1352 828 aliquod,
1375 743 1502 826 reliquiis

471 847 594 911 Iudaicis
607 845 858 932 Constantinopolim
872 843 1019 929 translatis
1033 843 1183 925 antiquius,
1197 841 1322 925 propriis
1330 841 1396 931 suis
1408 841 1496 904 ador-

470 943 552 1030 naffe
564 944 763 1008 commentariis
776 943 964 1006 arbitrentur.

511 1042 602 1106 Hanc
611 1038 833 1127 litemresolvere
843 1040 917 1104 nobis
925 1041 954 1102 in
965 1041 1115 1103 animonon
1114 1039 1198 1123 suite
1199 1037 1278 1122 satis
1288 1039 1343 1100 erit
1352 1051 1501 1120 utramque

472 1139 619 1223 opinionem
632 1140 776 1224 legentium
791 1135 1038 1222 oculissubieccsse.

979 1352 998 1394 tlt

907 1529 1073 1623 mosa

797 1694 928 1791 paginae
944 1692 996 1764 xix
1014 1689 1177 1764 addenda.
1280 1698 1282 1702 ’

516 1897 543 1961 S.
557 1897 691 1980 Eucbersj¹
708 1897 750 1958 ad
768 1893 905 1980 Faustum
920 1894 1107 1978 presbyterum
1127 1891 1178 1958 De
1201 1893 1277 1958 locis
1294 1895 1401 1958 sanffls
1417 1894 1506 1979 Epis-

476 1995 571 2058 tolam
576 1996 716 2079 spuriam
727 1993 782 2080 effe
794 1994 875 2058 multi
885 1995 1087 2056 contenderunt.
1102 1991 1265 2054 Gennadius
1276 1993 1348 2055 enim
1360 1993 1463 2076 alisque
1476 1993 1506 2053 in

474 2089 533 2172 suis
543 2091 674 2153 virorum
682 2091 834 2174 illustrium
845 2090 979 2173 catalogis
987 2089 1121 2168 libellum,
1132 2090 1225 2172 dequo
1236 2090 1354 2172 agimus,
1362 2111 1506 2170 nunquam

476 2189 603 2271 operibus
607 2189 639 2276 s
652 2189 787 2273 Eucbercj¹
798 2190 996 2267 adnumerant,
1010 2189 1141 2269 codenquc
1157 2188 1262 2267 unicus,
1276 2211 1353 2268 quem
1368 2187 1452 2273 usque
1467 2188 1511 2251 ad

476 2283 547 2346 bunc
558 2286 629 2348 diem
644 2286 851 2373 exscripserunt
860 2286 982 2364 editores,
1004 2284 1057 2348 XI
1056 2285 1075 2347 I
1075 2285 1094 2348 I
1098 2294 1129 2321 ¹³⁰
1141 2299 1250 2347 tantum
1252 2285 1361 2374 saeculo
1371 2301 1507 2348 exaratus

477 2383 519 2468 ql.
534 2380 604 2444 Cum
618 2397 711 2446 autem
725 2386 805 2447 codex
819 2385 903 2463 alter,
914 2383 1022 2470 saecnlo
1040 2381 1071 2448 V
1068 2382 1122 2446 lll
1132 2384 1291 2471 scriptus,¹
1308 2383 1337 2444 in
1357 2382 1509 2468 Parsstcnſs

478 2480 604 2542 maxima
618 2480 775 2544 bibliotheca
790 2483 962 2568 afferretur,
975 2483 1076 2567 necess
1090 2481 1125 2566 ql
1133 2480 1243 2569 huiusce
1258 2481 1346 2564 operis
1357 2490 1507 2562 autberum,

478 2578 683 2665 qualiscumque
692 2580 799 2664 suerit,
817 2579 880 2642 huic
901 2580 982 2642 atati
986 2579 1164 2666 superiorem
1185 2578 1321 2663 exstin'ffe.
1343 2579 1409 2641 lam
1429 2602 1507 2662 vero,

478 2677 553 2758 quod
561 2699 610 2738 nec
627 2675 661 2739 Τ.
679 2674 781 2740 Tabler
793 2678 910 2763 sugit,²
930 2675 1064 2759 Eucherij
1077 2675 1236 2765 opusculum
1255 2699 1275 2738 a
1289 2675 1370 2738 Beda
1383 2699 1507 2741 venera-

479 2773 530 2836 bili
548 2774 683 2856 cognitum
695 2774 792 2859 suiffe
806 2787 911 2838 certum
925 2775 971 2859 esi,
993 2774 1134 2854 multaque
1152 2773 1181 2834 in
1195 2794 1249 2834 uno
1263 2772 1402 2854 alteroque
1417 2775 1507 2838 libello

470 2869 579 2956 stmilia
597 2872 737 2954 leguntnr.
757 2871 828 2935 Cum
842 2885 935 2934 autem
952 2872 985 2934 de
1004 2870 1181 2951 Sarracenis,
1204 2872 1252 2954 qui
1264 2896 1337 2934 anno
1350 2873 1408 2956 637
1425 2872 1508 2936 Ieru-

478 2968 566 3052 salem
579 2983 716 3051 totamque
730 2968 916 3050 Palaeslinam
928 2970 985 3059 suo
991 2969 1174 3054 subiecerunt
1186 2970 1310 3051 imperio,
1330 2970 1411 3034 nulla
1430 2973 1512 3057 apud

479 3065 714 3154 Eucbcriumfiat
722 3069 830 3146 mentio,
839 3068 931 3157 eosque
938 3065 1046 3150 pluries
1059 3067 1176 3128 nominet
1184 3068 1276 3147 Beda,
1286 3067 1367 3132 baud
1375 3070 1509 3132 dubitan-

480 3165 546 3226 dum
556 3166 604 3251 est,
617 3167 683 3246 quin
694 3165 775 3228 Beda
789 3164 968 3244 Eucberium,
980 3187 1032 3226 non
1044 3163 1197 3228 Eucherius
1206 3165 1313 3229 Bedam
1324 3166 1508 3256 exscripserit.

520 3261 729 3347 Quemcumque
742 3283 807 3344 crgo
819 3260 942 3326 libellum
957 3261 1235 3349 nostrumscripstſje
1249 3265 1406 3344 credamus,
1424 3267 1510 3352 sanc-

481 3375 573 3423 tumm
582 3359 762 3439 Eucherium,
770 3359 984 3445 Lugdunensem
995 3361 1157 3450 episcopum,
1165 3383 1203 3422 an
1215 3370 1354 3424 auctorem
1364 3361 1510 3444 quemdam

481 3480 655 3541 anonymum,
666 3457 879 3521 concludendum
893 3461 932 3539 est
943 3482 1004 3521 eum
1021 3474 1085 3522 ante
1103 3482 1208 3522 annum
1222 3459 1279 3542 637
1295 3459 1405 3544 vixiffe.
1427 3457 1516 3520 Nibil

482 3572 585 3634 antem,
605 3569 739 3636 quantum
753 3570 826 3619 certe
843 3556 1028 3638 intellegimus,
1043 3557 1121 3620 obiici
1131 3555 1230 3642 ΜΛ,
1254 3556 1431 3642 quominuss.
1448 3555 1510 3620 Eu·

401 3689 402 3694 1
481 3653 572 3718 cberio
582 3654 854 3742 opussupradittnm
864 3656 1054 3727 tribunatum
1067 3655 1169 3733 omnia,
1178 3676 1241 3736 qua
1252 3655 1285 3716 de
1299 3652 1396 3717 Terra
1407 3653 1511 3718 Saena

481 3751 557 3814 nobis
569 3765 680 3814 narrat
691 3761 796 3829 auctu,
810 3773 871 3812 cum
881 3749 937 3814 illis
949 3751 1045 3833 optime
1056 3751 1231 3828 concordant,
1244 3772 1308 3831 qua
1319 3751 1406 3813 medio
1420 3753 1512 3833 quinto

474 3849 581 3937 saeculo
610 3847 837 3913 Occidentalibus
854 3848 887 3910 de
908 3845 1005 3910 Terra
1026 3847 1130 3910 Sandta
1158 3862 1223 3910 nota
1246 3863 1346 3922 erant,·
1375 3847 1512 3932 Epistola

481 3945 546 4034 ipsa
570 3947 612 4009 ad
633 3945 808 4032 Faustum,s
833 3943 1013 4030 Lerinensem
1032 3944 1234 4030 presbyterum,
1256 3948 1409 4033 scribitur,
1433 3970 1511 4030 quem

522 4159 532 4194 1
557 4142 636 4197 euius
654 4142 771 4196 senione·
786 4144 866 4215 supra,
879 4162 903 4214 p.
913 4145 965 4210 xix,
1065 4145 1175 4209 3Quem
1197 4143 1258 4196 falso
1279 4145 1417 4214 Faustinum
1437 4158 1512 4201 vocet

484 4233 550 4287 not„
561 4221 701 4277 retulimus.
1028 4222 1109 4278 codex
1121 4221 1263 4280 vaticanus.

522 4323 536 4360 2
550 4305 583 4357 V.
598 4303 680 4374 supra,
691 4321 714 4374 p.
730 4319 803 4358 mv.
