<?xml version="1.0" encoding="UTF-8"?>
<!DOCTYPE html PUBLIC "-//W3C//DTD XHTML 1.0 Transitional//EN"
    "http://www.w3.org/TR/xhtml1/DTD/xhtml1-transitional.dtd">
<html xmlns="http://www.w3.org/1999/xhtml" xml:lang="en" lang="en">
 <head>
  <title>
</title>
<meta http-equiv="Content-Type" content="text/html;charset=utf-8" />
  <meta name='ocr-system' content='tesseract 3.04.00' />
  <meta name='ocr-capabilities' content='ocr_page ocr_carea ocr_par ocr_line ocrx_word'/>
</head>
<body>
  <div class='ocr_page' id='page_1' title='image "./itinerahierosol00berngoog_0128.png"; bbox 0 0 3390 5720; ppageno 0'>
   <div class='ocr_carea' id='block_1_1' title="bbox 437 1123 820 1218">
    <p class='ocr_par' dir='ltr' id='par_1_1' title="bbox 437 1123 820 1218">
     <span class='ocr_line' id='line_1_1' title="bbox 437 1123 820 1218; baseline -0.003 -1"><span class='ocrx_word' id='word_1_1' title='bbox 437 1123 820 1218; x_wconf 77' lang='lat' dir='ltr'><em>‘THEODOSIUS</em></span> 
     </span>
    </p>
   </div>
   <div class='ocr_carea' id='block_1_2' title="bbox 182 1475 973 1609">
    <p class='ocr_par' dir='ltr' id='par_1_2' title="bbox 182 1475 973 1609">
     <span class='ocr_line' id='line_1_2' title="bbox 182 1475 973 1609; baseline 0.018 -17"><span class='ocrx_word' id='word_1_2' title='bbox 182 1588 186 1592; x_wconf 82' lang='grc'><em>,</em></span> <span class='ocrx_word' id='word_1_3' title='bbox 276 1477 571 1609; x_wconf 80' lang='lat' dir='ltr'>TERRA</span> <span class='ocrx_word' id='word_1_4' title='bbox 615 1475 973 1608; x_wconf 80' lang='lat' dir='ltr'><strong>SANCTA</strong></span> 
     </span>
    </p>
   </div>
   <div class='ocr_carea' id='block_1_3' title="bbox 208 2115 1036 2347">
    <p class='ocr_par' dir='ltr' id='par_1_3' title="bbox 208 2115 1036 2347">
     <span class='ocr_line' id='line_1_3' title="bbox 208 2115 1036 2216; baseline 0.005 -32"><span class='ocrx_word' id='word_1_5' title='bbox 208 2115 368 2214; x_wconf 71' lang='lat' dir='ltr'>Theodofij</span> <span class='ocrx_word' id='word_1_6' title='bbox 390 2121 468 2189; x_wconf 79' lang='lat' dir='ltr'>iiber</span> <span class='ocrx_word' id='word_1_7' title='bbox 490 2123 527 2190; x_wconf 83' lang='lat' dir='ltr'>de</span> <span class='ocrx_word' id='word_1_8' title='bbox 538 2127 598 2216; x_wconf 74' lang='lat' dir='ltr'>fini</span> <span class='ocrx_word' id='word_1_9' title='bbox 616 2120 851 2214; x_wconf 65' lang='lat' dir='ltr'>Terroefancioe,</span> <span class='ocrx_word' id='word_1_10' title='bbox 877 2119 909 2188; x_wconf 69' lang='lat' dir='ltr'>fe</span> <span class='ocrx_word' id='word_1_11' title='bbox 929 2122 966 2188; x_wconf 85' lang='lat' dir='ltr'>de</span> <span class='ocrx_word' id='word_1_12' title='bbox 986 2125 1036 2188; x_wconf 86' lang='lat' dir='ltr'>via</span> 
     </span>
     <span class='ocr_line' id='line_1_4' title="bbox 489 2253 760 2347; baseline -0.008 -25"><span class='ocrx_word' id='word_1_13' title='bbox 489 2255 629 2342; x_wconf 83' lang='lat' dir='ltr'>filiorum</span> <span class='ocrx_word' id='word_1_14' title='bbox 654 2253 760 2347; x_wconf 78' lang='lat' dir='ltr'><em>lsrael.</em></span> 
     </span>
    </p>
   </div>
   <div class='ocr_carea' id='block_1_4' title="bbox 112 2472 1355 4265">
    <p class='ocr_par' dir='ltr' id='par_1_4' title="bbox 120 2472 1146 2791">
     <span class='ocr_line' id='line_1_5' title="bbox 125 2472 1145 2656; baseline -0.006 -19.994"><span class='ocrx_word' id='word_1_15' title='bbox 125 2516 184 2639; x_wconf 53' lang='grc'>11</span> <span class='ocrx_word' id='word_1_16' title='bbox 156 2472 347 2647; x_wconf 42' lang='lat' dir='ltr'>ihs</span> <span class='ocrx_word' id='word_1_17' title='bbox 373 2583 444 2630; x_wconf 86' lang='lat' dir='ltr'>tur.</span> <span class='ocrx_word' id='word_1_18' title='bbox 470 2583 553 2630; x_wconf 87' lang='lat' dir='ltr'>terra</span> <span class='ocrx_word' id='word_1_19' title='bbox 576 2559 725 2631; x_wconf 83' lang='lat' dir='ltr'>Canaan.</span> <span class='ocrx_word' id='word_1_20' title='bbox 755 2559 872 2656; x_wconf 81' lang='lat' dir='ltr'>ipsa</span> <span class='ocrx_word' id='word_1_21' title='bbox 845 2560 957 2630; x_wconf 85' lang='lat' dir='ltr'>civitas</span> <span class='ocrx_word' id='word_1_22' title='bbox 980 2493 1145 2631; x_wconf 47' lang='lat' dir='ltr'>sancia.</span> <span class='ocrx_word' id='word_1_23' title='bbox 1110 2586 1145 2630; x_wconf 91' lang='lat' dir='ltr'>1n</span> 
     </span>
     <span class='ocr_line' id='line_1_6' title="bbox 120 2624 1146 2823; baseline 0.003 -88"><span class='ocrx_word' id='word_1_24' title='bbox 120 2624 349 2823; x_wconf 52' lang='lat' dir='ltr'>QW</span> <span class='ocrx_word' id='word_1_25' title='bbox 372 2689 486 2738; x_wconf 89' lang='lat' dir='ltr'>monte</span> <span class='ocrx_word' id='word_1_26' title='bbox 500 2665 624 2738; x_wconf 85' lang='lat' dir='ltr'>excelso</span> <span class='ocrx_word' id='word_1_27' title='bbox 638 2667 682 2737; x_wconf 87' lang='lat' dir='ltr'>est</span> <span class='ocrx_word' id='word_1_28' title='bbox 699 2663 811 2762; x_wconf 75' lang='lat' dir='ltr'>postca.</span> <span class='ocrx_word' id='word_1_29' title='bbox 827 2665 1028 2736; x_wconf 82' lang='lat' dir='ltr'>Hieruialem</span> <span class='ocrx_word' id='word_1_30' title='bbox 1049 2665 1146 2738; x_wconf 87' lang='lat' dir='ltr'>habet</span> 
     </span>
    </p>

    <p class='ocr_par' dir='ltr' id='par_1_5' title="bbox 180 2758 1145 2873">
     <span class='ocr_line' id='line_1_7' title="bbox 246 2758 1145 2868; baseline 0.005 -28.658"><span class='ocrx_word' id='word_1_31' title='bbox 246 2758 335 2808; x_wconf 44' lang='lat' dir='ltr'>z„</span> <span class='ocrx_word' id='word_1_32' title='bbox 336 2853 346 2862; x_wconf 17' lang='grc' dir='ltr'><strong>ἢ</strong></span> <span class='ocrx_word' id='word_1_33' title='bbox 323 2766 481 2868; x_wconf 83' lang='lat' dir='ltr'>portas</span> <span class='ocrx_word' id='word_1_34' title='bbox 501 2775 638 2844; x_wconf 87' lang='lat' dir='ltr'>maiores</span> <span class='ocrx_word' id='word_1_35' title='bbox 661 2775 713 2844; x_wconf 85' lang='lat' dir='ltr'>sex</span> <span class='ocrx_word' id='word_1_36' title='bbox 735 2797 823 2844; x_wconf 83' lang='lat' dir='ltr'>extra</span> <span class='ocrx_word' id='word_1_37' title='bbox 840 2771 1025 2868; x_wconf 81' lang='lat' dir='ltr'>posterulas.</span> <span class='ocrx_word' id='word_1_38' title='bbox 1053 2774 1145 2844; x_wconf 83' lang='lat' dir='ltr'>Porta</span> 
     </span>
    </p>

    <p class='ocr_par' dir='ltr' id='par_1_6' title="bbox 121 2859 883 2952">
     <span class='ocr_line' id='line_1_8' title="bbox 121 2859 883 2952; baseline 0 -2"><span class='ocrx_word' id='word_1_39' title='bbox 121 2859 196 2905; x_wconf 62' lang='lat'>³</span> <span class='ocrx_word' id='word_1_40' title='bbox 224 2864 351 2931; x_wconf 46' lang='lat'>”5⁴³3</span> <span class='ocrx_word' id='word_1_41' title='bbox 371 2881 538 2952; x_wconf 84' lang='lat' dir='ltr'>Beniamin</span> <span class='ocrx_word' id='word_1_42' title='bbox 557 2882 622 2951; x_wconf 81' lang='lat' dir='ltr'>exit</span> <span class='ocrx_word' id='word_1_43' title='bbox 639 2878 682 2951; x_wconf 88' lang='lat' dir='ltr'>ad</span> <span class='ocrx_word' id='word_1_44' title='bbox 701 2878 883 2950; x_wconf 76' lang='lat' dir='ltr'><strong>Iordanem.</strong></span> 
     </span>
    </p>

    <p class='ocr_par' dir='ltr' id='par_1_7' title="bbox 112 2984 1355 3936">
     <span class='ocr_line' id='line_1_9' title="bbox 160 2984 1146 3084; baseline 0.004 -30"><span class='ocrx_word' id='word_1_45' title='bbox 160 2987 192 3055; x_wconf 91' lang='grc'>11.</span> <span class='ocrx_word' id='word_1_46' title='bbox 221 2989 256 3056; x_wconf 82' lang='lat' dir='ltr'>in</span> <span class='ocrx_word' id='word_1_47' title='bbox 273 2984 431 3057; x_wconf 87' lang='lat' dir='ltr'>medio</span> <span class='ocrx_word' id='word_1_48' title='bbox 405 2988 542 3058; x_wconf 80' lang='lat' dir='ltr'>civitatis</span> <span class='ocrx_word' id='word_1_49' title='bbox 566 2986 611 3058; x_wconf 83' lang='lat' dir='ltr'>est</span> <span class='ocrx_word' id='word_1_50' title='bbox 627 2990 756 3084; x_wconf 80' lang='lat' dir='ltr'>bafili&#39;cu.</span> <span class='ocrx_word' id='word_1_51' title='bbox 792 2989 821 3056; x_wconf 91' lang='grc' dir='ltr'>Α</span> <span class='ocrx_word' id='word_1_52' title='bbox 849 3011 940 3083; x_wconf 83' lang='lat' dir='ltr'>parte</span> <span class='ocrx_word' id='word_1_53' title='bbox 967 2986 1146 3060; x_wconf 88' lang='lat' dir='ltr'>occidentis</span> 
     </span>
     <span class='ocr_line' id='line_1_10' title="bbox 112 3089 1321 3212; baseline 0.006 -53"><span class='ocrx_word' id='word_1_54' title='bbox 112 3089 210 3162; x_wconf 77' lang='lat' dir='ltr'>intras</span> <span class='ocrx_word' id='word_1_55' title='bbox 227 3095 263 3163; x_wconf 96' lang='lat' dir='ltr'>in</span> <span class='ocrx_word' id='word_1_56' title='bbox 282 3096 428 3167; x_wconf 67' lang='lat' dir='ltr'>sanciam</span> <span class='ocrx_word' id='word_1_57' title='bbox 445 3094 723 3186; x_wconf 71' lang='lat' dir='ltr'>resurreclionem,</span> <span class='ocrx_word' id='word_1_58' title='bbox 745 3090 800 3164; x_wconf 89' lang='lat' dir='ltr'>ubi</span> <span class='ocrx_word' id='word_1_59' title='bbox 821 3094 865 3164; x_wconf 87' lang='lat' dir='ltr'>est</span> <span class='ocrx_word' id='word_1_60' title='bbox 877 3096 1052 3190; x_wconf 80' lang='lat' dir='ltr'>sepulcrum</span> <span class='ocrx_word' id='word_1_61' title='bbox 1077 3101 1146 3166; x_wconf 82' lang='lat' dir='ltr'>Do·</span> <span class='ocrx_word' id='word_1_62' title='bbox 1191 3105 1250 3212; x_wconf 71' lang='lat' dir='ltr'>Seu</span> <span class='ocrx_word' id='word_1_63' title='bbox 1251 3105 1321 3178; x_wconf 68' lang='lat' dir='ltr'>¹¹²er</span> 
     </span>
     <span class='ocr_line' id='line_1_11' title="bbox 114 3166 1355 3290; baseline 0.006 -22"><span class='ocrx_word' id='word_1_64' title='bbox 114 3206 184 3270; x_wconf 81' lang='lat' dir='ltr'>minz</span> <span class='ocrx_word' id='word_1_65' title='bbox 178 3201 379 3274; x_wconf 83' lang='lat' dir='ltr'>nostrilesu</span> <span class='ocrx_word' id='word_1_66' title='bbox 394 3202 521 3274; x_wconf 86' lang='lat' dir='ltr'>Christi.</span> <span class='ocrx_word' id='word_1_67' title='bbox 549 3199 653 3272; x_wconf 77' lang='lat' dir='ltr'>[stibi</span> <span class='ocrx_word' id='word_1_68' title='bbox 670 3217 774 3272; x_wconf 77' lang='lat' dir='ltr'>mons⁶</span> <span class='ocrx_word' id='word_1_69' title='bbox 792 3202 944 3290; x_wconf 70' lang='lat' dir='ltr'><em>calvarie,</em></span> <span class='ocrx_word' id='word_1_70' title='bbox 972 3198 1027 3272; x_wconf 94' lang='lat' dir='ltr'>ubi</span> <span class='ocrx_word' id='word_1_71' title='bbox 1043 3201 1146 3274; x_wconf 83' lang='lat' dir='ltr'>Abra·</span> <span class='ocrx_word' id='word_1_72' title='bbox 1134 3229 1218 3276; x_wconf 76' lang='lat' dir='ltr'>-Mon</span> <span class='ocrx_word' id='word_1_73' title='bbox 1206 3166 1355 3277; x_wconf 56' lang='lat' dir='ltr'>¹i⁰eaiiiiia</span> 
     </span>
     <span class='ocr_line' id='line_1_12' title="bbox 114 3306 1147 3395; baseline 0.003 -17"><span class='ocrx_word' id='word_1_74' title='bbox 114 3306 188 3378; x_wconf 78' lang='lat' dir='ltr'>ham</span> <span class='ocrx_word' id='word_1_75' title='bbox 215 3307 336 3383; x_wconf 84' lang='lat' dir='ltr'>obtulit</span> <span class='ocrx_word' id='word_1_76' title='bbox 364 3311 467 3383; x_wconf 81' lang='lat' dir='ltr'>filium</span> <span class='ocrx_word' id='word_1_77' title='bbox 494 3309 618 3381; x_wconf 88' lang='lat' dir='ltr'>suum</span> <span class='ocrx_word' id='word_1_78' title='bbox 610 3334 645 3379; x_wconf 89' lang='lat' dir='ltr'>1n</span> <span class='ocrx_word' id='word_1_79' title='bbox 671 3307 900 3380; x_wconf 85' lang='lat' dir='ltr'>holocaustum</span> <span class='ocrx_word' id='word_1_80' title='bbox 930 3307 1012 3395; x_wconf 87' lang='lat' dir='ltr'>(illic</span> <span class='ocrx_word' id='word_1_81' title='bbox 1040 3307 1147 3381; x_wconf 81' lang='lat' dir='ltr'>decal-</span> 
     </span>
     <span class='ocr_line' id='line_1_13' title="bbox 115 3412 1147 3516; baseline 0.003 -31"><span class='ocrx_word' id='word_1_82' title='bbox 115 3412 275 3488; x_wconf 88' lang='lat' dir='ltr'>vabantur</span> <span class='ocrx_word' id='word_1_83' title='bbox 290 3417 496 3516; x_wconf 65' lang='lat' dir='ltr'>hominesb).</span> <span class='ocrx_word' id='word_1_84' title='bbox 523 3417 621 3488; x_wconf 86' lang='lat' dir='ltr'>Mons</span> <span class='ocrx_word' id='word_1_85' title='bbox 638 3417 785 3514; x_wconf 82' lang='lat' dir='ltr'>petrosus</span> <span class='ocrx_word' id='word_1_86' title='bbox 802 3417 857 3506; x_wconf 90' lang='lat' dir='ltr'>est,</span> <span class='ocrx_word' id='word_1_87' title='bbox 881 3419 916 3486; x_wconf 90' lang='lat'>&amp;</span> <span class='ocrx_word' id='word_1_88' title='bbox 942 3441 1002 3513; x_wconf 87' lang='lat' dir='ltr'>per</span> <span class='ocrx_word' id='word_1_89' title='bbox 1028 3416 1147 3516; x_wconf 86' lang='lat' dir='ltr'>gradus</span> 
     </span>
     <span class='ocr_line' id='line_1_14' title="bbox 116 3521 1148 3620; baseline 0.003 -29"><span class='ocrx_word' id='word_1_90' title='bbox 116 3521 305 3598; x_wconf 71' lang='lat' dir='ltr'>ascenditur.</span> <span class='ocrx_word' id='word_1_91' title='bbox 333 3524 377 3598; x_wconf 90' lang='lat' dir='ltr'>lbi</span> <span class='ocrx_word' id='word_1_92' title='bbox 393 3527 560 3598; x_wconf 89' lang='lat' dir='ltr'>Dominus</span> <span class='ocrx_word' id='word_1_93' title='bbox 577 3522 748 3594; x_wconf 84' lang='lat' dir='ltr'>crucifixus</span> <span class='ocrx_word' id='word_1_94' title='bbox 767 3521 819 3593; x_wconf 87' lang='lat' dir='ltr'>est.</span> <span class='ocrx_word' id='word_1_95' title='bbox 843 3521 899 3593; x_wconf 80' lang='lat' dir='ltr'>Ad</span> <span class='ocrx_word' id='word_1_96' title='bbox 914 3522 1036 3620; x_wconf 87' lang='lat' dir='ltr'>pedem</span> <span class='ocrx_word' id='word_1_97' title='bbox 1054 3521 1148 3620; x_wconf 82' lang='lat' dir='ltr'>ipfius</span> 
     </span>
     <span class='ocr_line' id='line_1_15' title="bbox 118 3627 1149 3726; baseline 0.003 -29"><span class='ocrx_word' id='word_1_98' title='bbox 118 3633 236 3702; x_wconf 91' lang='lat' dir='ltr'>montis</span> <span class='ocrx_word' id='word_1_99' title='bbox 266 3632 345 3704; x_wconf 86' lang='lat' dir='ltr'>fecit</span> <span class='ocrx_word' id='word_1_100' title='bbox 371 3632 538 3705; x_wconf 82' lang='lat' dir='ltr'>Abraham</span> <span class='ocrx_word' id='word_1_101' title='bbox 572 3631 695 3720; x_wconf 57' lang='lat' dir='ltr'>altares</span> <span class='ocrx_word' id='word_1_102' title='bbox 710 3633 745 3700; x_wconf 90' lang='lat'>&amp;</span> <span class='ocrx_word' id='word_1_103' title='bbox 778 3627 873 3726; x_wconf 83' lang='lat' dir='ltr'>super</span> <span class='ocrx_word' id='word_1_104' title='bbox 898 3629 997 3701; x_wconf 83' lang='lat' dir='ltr'>altare</span> <span class='ocrx_word' id='word_1_105' title='bbox 1027 3631 1149 3702; x_wconf 92' lang='lat' dir='ltr'>eminet</span> 
     </span>
     <span class='ocr_line' id='line_1_16' title="bbox 120 3735 1149 3838; baseline 0.005 -35"><span class='ocrx_word' id='word_1_106' title='bbox 120 3760 219 3808; x_wconf 88' lang='lat' dir='ltr'>mons.</span> <span class='ocrx_word' id='word_1_107' title='bbox 250 3741 305 3810; x_wconf 87' lang='lat' dir='ltr'>De</span> <span class='ocrx_word' id='word_1_108' title='bbox 331 3741 478 3838; x_wconf 88' lang='lat' dir='ltr'>sepulcro</span> <span class='ocrx_word' id='word_1_109' title='bbox 504 3740 643 3811; x_wconf 88' lang='lat' dir='ltr'>Domini</span> <span class='ocrx_word' id='word_1_110' title='bbox 670 3735 770 3833; x_wconf 90' lang='lat' dir='ltr'>usque</span> <span class='ocrx_word' id='word_1_111' title='bbox 796 3737 830 3806; x_wconf 95' lang='lat' dir='ltr'>in</span> <span class='ocrx_word' id='word_1_112' title='bbox 855 3735 1007 3808; x_wconf 84' lang='lat' dir='ltr'>Calvarie</span> <span class='ocrx_word' id='word_1_113' title='bbox 1035 3735 1149 3808; x_wconf 90' lang='lat' dir='ltr'>locum</span> 
     </span>
     <span class='ocr_line' id='line_1_17' title="bbox 120 3842 742 3936; baseline 0.014 -23"><span class='ocrx_word' id='word_1_114' title='bbox 120 3842 223 3936; x_wconf 84' lang='lat' dir='ltr'>passus</span> <span class='ocrx_word' id='word_1_115' title='bbox 241 3867 315 3917; x_wconf 84' lang='lat' dir='ltr'>xv:</span> <span class='ocrx_word' id='word_1_116' title='bbox 342 3845 398 3918; x_wconf 82' lang='lat' dir='ltr'>sub</span> <span class='ocrx_word' id='word_1_117' title='bbox 416 3873 484 3919; x_wconf 93' lang='lat' dir='ltr'>uno</span> <span class='ocrx_word' id='word_1_118' title='bbox 502 3849 589 3917; x_wconf 63' lang='lat' dir='ltr'>tedio</span> <span class='ocrx_word' id='word_1_119' title='bbox 607 3843 683 3916; x_wconf 59' lang='lat' dir='ltr'>est!</span> <span class='ocrx_word' id='word_1_120' title='bbox 732 3901 742 3922; x_wconf 88' lang='lat'><strong>.</strong></span> 
     </span>
    </p>

    <p class='ocr_par' dir='ltr' id='par_1_8' title="bbox 123 3948 1151 4265">
     <span class='ocr_line' id='line_1_18' title="bbox 165 3948 1151 4049; baseline 0.003 -29"><span class='ocrx_word' id='word_1_121' title='bbox 165 3954 208 4024; x_wconf 91' lang='grc'>111,</span> <span class='ocrx_word' id='word_1_122' title='bbox 235 3951 272 4023; x_wconf 78' lang='lat' dir='ltr'>Et</span> <span class='ocrx_word' id='word_1_123' title='bbox 287 3955 322 4024; x_wconf 92' lang='lat' dir='ltr'>in</span> <span class='ocrx_word' id='word_1_124' title='bbox 340 3955 473 4025; x_wconf 85' lang='lat' dir='ltr'>circuitu</span> <span class='ocrx_word' id='word_1_125' title='bbox 491 3955 613 4024; x_wconf 83' lang='lat' dir='ltr'>montis</span> <span class='ocrx_word' id='word_1_126' title='bbox 632 3953 702 4024; x_wconf 89' lang='lat' dir='ltr'>sunt</span> <span class='ocrx_word' id='word_1_127' title='bbox 720 3950 858 4023; x_wconf 84' lang='lat' dir='ltr'>cancelli</span> <span class='ocrx_word' id='word_1_128' title='bbox 875 3948 917 4022; x_wconf 91' lang='lat' dir='ltr'>de</span> <span class='ocrx_word' id='word_1_129' title='bbox 929 3975 1076 4049; x_wconf 78' lang='lat' dir='ltr'>argento</span> <span class='ocrx_word' id='word_1_130' title='bbox 1104 3949 1151 4023; x_wconf 89' lang='lat' dir='ltr'>lbi</span> 
     </span>
     <span class='ocr_line' id='line_1_19' title="bbox 123 4057 1150 4160; baseline 0.002 -34"><span class='ocrx_word' id='word_1_131' title='bbox 123 4057 162 4127; x_wconf 86' lang='lat' dir='ltr'>est</span> <span class='ocrx_word' id='word_1_132' title='bbox 172 4059 318 4152; x_wconf 80' lang='lat' dir='ltr'>exedra‚‘</span> <span class='ocrx_word' id='word_1_133' title='bbox 330 4057 384 4131; x_wconf 92' lang='lat' dir='ltr'>ubi</span> <span class='ocrx_word' id='word_1_134' title='bbox 397 4062 459 4132; x_wconf 91' lang='lat' dir='ltr'>fuit</span> <span class='ocrx_word' id='word_1_135' title='bbox 468 4062 679 4152; x_wconf 82' lang='lat' dir='ltr'>resuscitatus,</span> <span class='ocrx_word' id='word_1_136' title='bbox 690 4087 859 4160; x_wconf 84' lang='lat' dir='ltr'>perquem</span> <span class='ocrx_word' id='word_1_137' title='bbox 870 4061 931 4132; x_wconf 91' lang='lat' dir='ltr'>fuit</span> <span class='ocrx_word' id='word_1_138' title='bbox 942 4085 1020 4130; x_wconf 85' lang='lat' dir='ltr'>crux</span> <span class='ocrx_word' id='word_1_139' title='bbox 1031 4059 1150 4132; x_wconf 85' lang='lat' dir='ltr'>Chnsti</span> 
     </span>
     <span class='ocr_line' id='line_1_20' title="bbox 123 4161 1148 4265; baseline -0.001 -29"><span class='ocrx_word' id='word_1_140' title='bbox 123 4161 300 4240; x_wconf 77' lang='lat' dir='ltr'>declarata:</span> <span class='ocrx_word' id='word_1_141' title='bbox 330 4165 527 4260; x_wconf 83' lang='lat' dir='ltr'>cubiculum,</span> <span class='ocrx_word' id='word_1_142' title='bbox 558 4166 614 4240; x_wconf 90' lang='lat' dir='ltr'>ubi</span> <span class='ocrx_word' id='word_1_143' title='bbox 639 4166 744 4265; x_wconf 77' lang='lat' dir='ltr'>posita</span> <span class='ocrx_word' id='word_1_144' title='bbox 765 4167 810 4238; x_wconf 87' lang='lat' dir='ltr'>est</span> <span class='ocrx_word' id='word_1_145' title='bbox 831 4193 908 4239; x_wconf 83' lang='lat' dir='ltr'>crux</span> <span class='ocrx_word' id='word_1_146' title='bbox 927 4169 1065 4239; x_wconf 91' lang='lat' dir='ltr'>Domini</span> <span class='ocrx_word' id='word_1_147' title='bbox 1083 4165 1148 4236; x_wconf 84' lang='lat' dir='ltr'>lesu</span> 
     </span>
    </p>
   </div>
   <div class='ocr_carea' id='block_1_5' title="bbox 126 4387 1148 4539">
    <p class='ocr_par' dir='ltr' id='par_1_9' title="bbox 126 4387 1148 4539">
     <span class='ocr_line' id='line_1_21' title="bbox 155 4387 1148 4454; baseline 0.002 -16"><span class='ocrx_word' id='word_1_148' title='bbox 155 4403 176 4438; x_wconf 79' lang='grc'>1.</span> <span class='ocrx_word' id='word_1_149' title='bbox 194 4387 229 4454; x_wconf 76' lang='grc'>1.,</span> <span class='ocrx_word' id='word_1_150' title='bbox 245 4389 310 4441; x_wconf 79' lang='lat' dir='ltr'>Lov.</span> <span class='ocrx_word' id='word_1_151' title='bbox 325 4387 402 4440; x_wconf 80' lang='lat' dir='ltr'>iocus.</span> <span class='ocrx_word' id='word_1_152' title='bbox 424 4418 456 4428; x_wconf 94' lang='lat'>-</span> <span class='ocrx_word' id='word_1_153' title='bbox 475 4391 500 4442; x_wconf 91' lang='lat' dir='ltr'>b.</span> <span class='ocrx_word' id='word_1_154' title='bbox 514 4388 602 4442; x_wconf 81' lang='lat' dir='ltr'>Iidem.</span> <span class='ocrx_word' id='word_1_155' title='bbox 664 4387 797 4441; x_wconf 88' lang='lat' dir='ltr'>summum.</span> <span class='ocrx_word' id='word_1_156' title='bbox 819 4417 850 4428; x_wconf 93' lang='lat'>-·</span> <span class='ocrx_word' id='word_1_157' title='bbox 870 4389 894 4440; x_wconf 90' lang='lat' dir='ltr'>d.</span> <span class='ocrx_word' id='word_1_158' title='bbox 918 4389 943 4441; x_wconf 83' lang='lat' dir='ltr'>V.</span> <span class='ocrx_word' id='word_1_159' title='bbox 958 4388 1099 4442; x_wconf 75' lang='lat' dir='ltr'>decurrens.</span> <span class='ocrx_word' id='word_1_160' title='bbox 1116 4415 1148 4426; x_wconf 92' lang='lat'>-</span> 
     </span>
     <span class='ocr_line' id='line_1_22' title="bbox 126 4469 963 4539; baseline 0.002 -21"><span class='ocrx_word' id='word_1_161' title='bbox 126 4491 154 4503; x_wconf 88' lang='lat'>—</span> <span class='ocrx_word' id='word_1_162' title='bbox 167 4484 186 4519; x_wconf 89' lang='lat' dir='ltr'>c.</span> <span class='ocrx_word' id='word_1_163' title='bbox 208 4470 233 4520; x_wconf 84' lang='lat' dir='ltr'>V.</span> <span class='ocrx_word' id='word_1_164' title='bbox 245 4470 322 4522; x_wconf 75' lang='lat' dir='ltr'><em>habet</em></span> <span class='ocrx_word' id='word_1_165' title='bbox 332 4469 472 4522; x_wconf 68' lang='lat' dir='ltr'>correcium</span> <span class='ocrx_word' id='word_1_166' title='bbox 489 4469 542 4521; x_wconf 89' lang='lat' dir='ltr'>suso</span> <span class='ocrx_word' id='word_1_167' title='bbox 559 4487 602 4539; x_wconf 82' lang='lat' dir='ltr'>per</span> <span class='ocrx_word' id='word_1_168' title='bbox 665 4487 687 4521; x_wconf 81' lang='lat' dir='ltr'>e.</span> <span class='ocrx_word' id='word_1_169' title='bbox 708 4469 746 4521; x_wconf 84' lang='lat' dir='ltr'>Sic</span> <span class='ocrx_word' id='word_1_170' title='bbox 758 4487 837 4536; x_wconf 80' lang='lat' dir='ltr'>corr.,·</span> <span class='ocrx_word' id='word_1_171' title='bbox 857 4471 886 4520; x_wconf 87' lang='lat' dir='ltr'>G.</span> <span class='ocrx_word' id='word_1_172' title='bbox 902 4469 963 4521; x_wconf 80' lang='lat' dir='ltr'>esca.</span> 
     </span>
    </p>
   </div>
   <div class='ocr_carea' id='block_1_6' title="bbox 0 0 1747 5720">
    <p class='ocr_par' dir='ltr' id='par_1_10' title="bbox 0 0 1747 5720">
     <span class='ocr_line' id='line_1_23' title="bbox 0 0 1747 5720; baseline 0 0"><span class='ocrx_word' id='word_1_173' title='bbox 0 0 1747 5720; x_wconf 95' lang='lat' dir='ltr'> </span> 
     </span>
    </p>
   </div>
  </div>
 </body>
</html>
