3354 5706
551 519 616 614 158
963 533 1159 588 Ancutrus

541 781 603 827 nus
631 756 666 826 in
696 779 777 853 agro
805 758 1007 851 Gethsomone
1030 754 1084 826 illa
1114 757 1226 846 noste,
1253 779 1319 849 qua
1342 749 1539 824 tradebatur
1566 779 1586 822 a

542 859 622 933 iuda
640 863 672 933 in
690 887 808 932 manus
825 860 1000 934 hominum
1012 885 1239 958 peccatorum,
1257 857 1347 931 flexis
1364 861 1474 930 oravit
1491 860 1585 956 geni·

541 966 599 1039 bus
620 991 697 1040 ante
728 968 845 1039 horam
868 965 1051 1038 traditionis
1068 968 1150 1039 eius:
1175 969 1209 1039 in
1235 992 1301 1062 qua
1317 963 1474 1036 videlicet
1492 990 1585 1061 petra

543 1072 686 1145 duorum
711 1075 841 1172 vestigia
863 1099 1010 1172 genuum
1032 1076 1112 1164 eius,
1133 1072 1222 1170 quasi
1241 1075 1276 1143 in
1298 1097 1373 1143 cera
1395 1071 1586 1142 mollissima

542 1180 738 1278 profundius
754 1179 918 1278 impressa,
936 1206 1118 1253 cernuntur.
1143 1186 1188 1251 ita
1210 1178 1306 1252 nobis
1325 1179 1437 1251 noster
1454 1179 1585 1249 sanstus

543 1288 694 1359 Arculfus
717 1289 814 1360 frater
835 1291 1076 1385 pronunciavit,
1101 1289 1290 1359 samiorum
1313 1283 1461 1358 visitator
1487 1286 1584 1356 loco·

544 1421 628 1486 rum,
655 1398 711 1491 qui
736 1396 807 1485 hec,
831 1423 895 1492 que
923 1422 984 1467 nos
1009 1394 1231 1488 describimus,
1249 1395 1389 1492 propriis
1409 1395 1586 1492 conspexit

544 1502 659 1574 oculis.
680 1507 713 1576 {n
732 1504 898 1600 superiore
925 1505 1025 1601 igitur
1042 1528 1127 1598 eque
1153 1500 1295 1574 rotunda
1320 1499 1586 1574 ecclesiaSaniie

543 1609 643 1681 Marie
661 1633 801 1705 quatuor
818 1609 931 1681 altaria
948 1607 1050 1682 inesse
1069 1609 1298 1680 monstrantur.

622 1875 694 1948 XV.
721 1881 771 1946 De
790 1901 872 1947 turre
888 1879 1033 1971 Iosophat
1049 1883 1081 1946 in
1100 1879 1203 1945 eodem
1220 1880 1385 1967 constrnsio
1404 1877 1497 1946 valle.

593 2024 628 2091 in
641 2016 758 2090 eadem
771 2017 867 2114 supra
882 2041 1065 2089 memorata
1077 2015 1172 2109 valle,
1190 2042 1260 2088 non
1271 2016 1375 2114 longe
1388 2013 1432 2086 ab
1451 2014 1584 2088 ecclesia

543 2129 661 2198 Sansie
685 2125 797 2216 Mario,
820 2124 913 2195 turris
934 2124 1085 2221 iosaphat
1107 2123 1316 2213 monstratur,
1337 2124 1372 2193 in
1396 2147 1466 2219 qua
1487 2121 1584 2220 ipsius

543 2231 728 2330 sepulcrum
744 2231 896 2302 cernitur.

707 2485 794 2556 XVI.
826 2491 877 2554 De
893 2492 1091 2557 monumentis
1108 2490 1230 2558 Simeon
1248 2487 1279 2556 δ’
1297 2490 1414 2582 loseph.

592 2628 659 2698 Cui
671 2625 824 2700 videlicet
836 2627 987 2698 turricule
1001 2625 1146 2722 quedam
1157 2625 1288 2723 lapidea
1300 2626 1420 2698 domus
1435 2655 1455 2700 a
1470 2627 1582 2702 dextra

544 2735 678 2805 coheret
698 2757 801 2832 parte,
825 2730 868 2804 de
889 2759 969 2830 rupe
990 2734 1096 2806 excisa
1118 2735 1317 2831 &separata
1334 2762 1356 2805 a
1371 2759 1490 2808 monte
1509 2735 1583 2805 Oli·

544 2843 620 2933 veti,
641 2843 676 2912 in
702 2865 769 2938 qua
792 2841 1001 2911 intrinsecum
1019 2842 1221 2913 ferramentis
1244 2867 1360 2915 cavata
1385 2840 1455 2913 duo
1486 2868 1582 2912 mon·

543 2949 680 3020 strantut
704 2949 848 3044 sepulcro
883 2945 949 3018 srne
982 2947 1095 3045 aliquo
1130 2973 1264 3019 ornatu:
1299 2973 1442 3045 quorum
1477 2975 1582 3020 unum

542 3055 625 3125 iliius
641 3061 794 3128 Simeonis
819 3057 889 3126 iusti
915 3057 976 3127 viri
994 3055 1050 3146 est,
1074 3055 1142 3151 qui,
1169 3054 1367 3126 infantulum
1393 3057 1582 3128 Dominum

543 3163 646 3233 lesum
671 3164 705 3233 in
730 3163 857 3260 templo
884 3163 1054 3260 amplexus
1079 3159 1239 3233 ambabus
1262 3160 1422 3254 manibus,
1447 3162 1492 3234 de
1509 3165 1581 3263 ipso
1664 3217 1665 3250 ᾖ

542 3269 794 3365 prophetizavit,
820 3268 959 3340 alterurn
984 3295 1063 3343 vero
1092 3295 1178 3364 eque
1200 3274 1322 3366 Ioseph,
1346 3270 1457 3342 sansie
1478 3271 1582 3343 Maris

543 3373 649 3471 sponsi
667 3378 702 3446 &
719 3375 859 3446 Domini
876 3377 943 3448 iesu
956 3378 1133 3448 nutritoris.

543 3640 641 3712 XVII.
671 3648 722 3712 De
740 3645 888 3737 spelunca
912 3649 943 3712 in
967 3671 1041 3737 rupe
1065 3650 1177 3714 montis
1204 3647 1322 3716 Oliveri
1343 3647 1446 3714 habito
1474 3673 1582 3716 contro

579 3751 690 3820 vollem
700 3753 856 3845 losopliot,
871 3757 902 3819 in
915 3777 973 3842 quo
987 3776 1114 3843 quotuor
1126 3756 1222 3847 mense
1236 3751 1266 3820 Ε»
1273 3755 1443 3847 puteisunt
1455 3753 1552 3824 duest
1663 3743 1664 3762 ³

592 3911 626 3978 ln
642 3907 743 3978 latere
760 3910 882 3979 montis
904 3907 1029 3980 Oliveti
1049 3907 1194 4004 quedam
1216 3909 1296 3981 inest
1308 3912 1468 4005 spelunca,
1491 3911 1582 3985 haud

543 4014 660 4111 procul
688 4012 731 4085 ab
760 4012 892 4087 ecclefia
918 4017 1036 4088 Sansle
1062 4017 1164 4088 Marie
1191 4017 1224 4086 in
1254 4018 1475 4088 eminentiore
1501 4019 1581 4092 loco

543 4119 648 4218 posita
674 4146 790 4194 contra
810 4123 931 4194 vallem
953 4123 1119 4222 iosaphat,
1139 4125 1174 4194 in
1207 4147 1273 4220 qua
1298 4122 1368 4194 duo
1392 4126 1582 4223 profiindis·

579 4309 602 4344 a
612 4289 650 4344 Al.
659 4290 803 4346 intrinsecus
813 4311 856 4347 om.
871 4293 1123 4364 -b.l„,1¹.13048,
1136 4295 1177 4346 De
1187 4293 1303 4368 spelunca
1316 4294 1425 4346 duorum
1435 4307 1581 4366 puteorum.
