3296 5700
489 399 557 473 260
646 417 971 471 sancrrnonrnurs
997 417 1351 470 nurusunsrnsusrs

487 637 948 710 illisautemfuitdimillum.⁶
966 637 1523 737 llliCyprisedebantinterGrecos
1627 653 1628 656 ’

487 748 726 817 &Sarracenos
743 747 931 817 &inermes
945 746 1083 835 fuerunt,
1101 745 1179 841 quia
1195 771 1261 842 pax
1277 745 1441 818 maxima*
1461 747 1530 816 fuit

488 855 523 923 &
542 851 729 923 conciliatio
745 854 829 924 inter
844 855 1037 925 Sarracenos
1054 854 1089 923 ἃ
1106 855 1244 924 Grecos,
1268 853 1437 950 Magna&
1456 853 1529 923 lara

489 960 580 1057 regio
593 960 653 1030 firit
663 959 727 1046 illa,
745 963 780 1030 ἃ
795 957 974 1032 duodecim
990 958 1223 1056 episcoporum
1237 959 1391 1055 parochia
1403 960 1452 1031 est
1467 957 1527 1028 ibi.
1633 954 1635 956 ’

568 1255 653 1321 Xlll.
672 1255 854 1346 Damascus,
866 1255 1052 1346 Nazareth,
1075 1253 1191 1340 Charra,
1210 1248 1311 1320 Tabor
1327 1265 1444 1319 mons!

537 1488 788 1582 Confestimque
805 1487 850 1557 illi
864 1514 941 1558 cum
954 1488 1084 1559 licentia
1097 1489 1240 1560 levantes
1255 1487 1296 1578 se,
1315 1511 1529 1582 perrexerunt

489 1597 523 1665 in
537 1598 717 1687 Damascum
734 1618 867 1665 centum
879 1595 1037 1686 milllaria,
1056 1598 1091 1666 &
1102 1594 1149 1667 ibi
1166 1596 1293 1665 santius
1307 1595 1451 1666 Ananias
1469 1620 1526 1662 re·
1645 1667 1646 1670 ,

490 1701 634 1797 quiescit.
658 1699 737 1770 lllud
755 1701 848 1771 estin
867 1726 949 1772 terra
967 1703 1080 1795 Syrim.
1100 1699 1145 1772 lbi
1165 1726 1257 1772 erant
1274 1727 1376 1772 unam
1394 1697 1525 1770 hebdo-

491 1805 633 1878 madam.
659 1806 693 1876 Et
714 1803 791 1878 inde
813 1807 887 1878 sunt
910 1807 977 1879 duo
997 1807 1107 1897 millia,
1133 1806 1189 1879 ubi
1207 1809 1251 1879 est
1268 1804 1412 1891 ecclesia,
1435 1809 1469 1876 ἃ
1488 1807 1525 1873 in

490 1911 545 1983 illo
560 1914 637 1984 loco
656 1915 800 2009 primum
817 1914 991 1987 conversus
1009 1916 1053 1984 est
1070 1914 1193 2004 Paulus,
1212 1913 1428 1984 &Dominus
1442 1911 1524 1982 d'mt

491 2020 534 2091 ad
551 2020 655 2090 illum:
672 2022 776 2107 Saule,
793 2022 897 2107 Saule,
915 2025 989 2113 quid
1006 2049 1052 2090 me
1062 2025 1278 2115 persequeris?
1295 2018 1389 2107 (cael.
1401 2026 1527 2113 olpofl,

493 2126 545 2216 lX,
557 2131 594 2222 5)
608 2129 641 2197 ὅ(
653 2124 785 2221 rellqua.
808 2125 843 2195 Et
855 2125 920 2196 illic
933 2151 1061 2197 orantes
1076 2123 1289 2196 ambulabant
1301 2126 1335 2194 in
1349 2124 1528 2211 Galileam,
1645 2139 1646 2148 ’

493 2233 526 2300 in
551 2230 642 2302 illum
659 2230 782 2319 locum,
807 2229 863 2302 ubi
880 2231 1016 2303 Gabriel
1040 2233 1185 2328 primum
1201 2232 1290 2303 venit
1315 2227 1360 2300 ad
1381 2230 1526 2301 landam

493 2338 629 2409 Mariam
647 2341 680 2409 ὅ(
697 2337 794 2408 dixit:
812 2345 883 2408 olve
900 2341 1021 2410 Maria
1038 2342 1073 2409 ἃ
1090 2337 1225 2434 reliqua.
1246 2335 1290 2408 lbi
1308 2340 1353 2408 est
1374 2362 1462 2408 nunc
1475 2361 1525 2406 ec·

493 2443 594 2516 clelra.
621 2444 655 2514 Et
674 2444 726 2515 ille
745 2447 844 2534 vicus,
867 2447 901 2516 in
925 2471 993 2541 quo
1018 2448 1061 2516 est
1084 2443 1226 2535 ecclesia,
1250 2443 1322 2515 estd
1340 2450 1525 2539 Quanam.

494 2551 583 2622 lllam
597 2548 765 2622 ecclesiam
780 2551 952 2623 Christiani
977 2552 1128 2623 homines
1152 2553 1228 2649 sepe
1249 2549 1527 2647 comparabanra

493 2658 630 2755 paganis
647 2659 840 2746 Sarraccnis,
862 2657 998 2754 quando
1024 2659 1070 2729 illi
1085 2657 1241 2730 volebant
1264 2684 1338 2729 eam
1356 2656 1527 2727 destruere.

493 2764 528 2836 Et
551 2761 594 2834 ibi
613 2767 762 2834 Domino
781 2765 812 2835 se
829 2763 1100 2837 commendantes
1118 2762 1368 2835 ambulaverunt
1386 2762 1473 2854 inde,
1492 2767 1528 2833 ἃ

494 2868 669 2944 veniebant
699 2873 732 2941 in
758 2871 869 2942 villam
890 2875 1059 2962 Clanum,‘
1083 2869 1137 2942 ubi
1156 2871 1320 2941 Dominus
1343 2895 1467 2965 aquam
1492 2874 1526 2941 in

494 2980 607 3050 vinum
627 2980 797 3049 convertit.
821 2977 885 3048 lllic
905 2978 949 3049 est
972 2976 1104 3049 ecclefia
1127 3003 1260 3074 magna,
1276 2978 1311 3047 ἃ
1327 2977 1362 3047 in
1385 2977 1466 3048 illas
1474 3004 1528 3048 ec·

494 3083 586 3156 clesra
613 3084 673 3155 stat
692 3086 725 3154 in
750 3084 848 3155 altare
873 3109 938 3154 una
956 3082 998 3155 de
1022 3085 1074 3154 sex
1096 3083 1227 3177 hydriis,
1249 3108 1330 3178 quas
1357 3085 1527 3155 Dominus

494 3187 623 3262 iusserat
639 3192 774 3287 implere
790 3216 888 3286 aqua,
910 3191 945 3260 ἃ
961 3192 996 3261 in
1009 3192 1123 3262 vinum
1142 3191 1231 3262 verse
1244 3190 1326 3279 sunt,
1350 3192 1385 3260 &
1407 3190 1450 3262 de
1468 3192 1527 3261 illo

495 3299 821 3368 communicaverunt
833 3300 941 3369 vino!
947 3299 1060 3371 Unum
1070 3295 1159 3368 diem
1172 3295 1302 3368 fuerunt
1313 3297 1389 3369 illic.
1400 3296 1436 3366 Et
1448 3298 1528 3369 inde

496 3428 666 3501 pergentes
680 3428 838 3476 venerunt
849 3402 892 3474 ad
904 3429 1054 3474 montem
1063 3409 1174 3490 Talor,
1187 3401 1242 3474 ubi
1251 3403 1415 3473 Dominus
1425 3407 1528 3475 trans·

495 3510 649 3609 figuratus
666 3511 718 3582 ell.
744 3508 788 3581 lbi
804 3510 849 3581 est
864 3535 951 3582 nunc
967 3512 1199 3582 monasterium
1216 3511 1471 3600 monachorum,
1488 3513 1527 3580 ἃ

496 3614 628 3688 ecclefia
639 3618 788 3688 Domino
802 3618 989 3688 consecrata
1005 3619 1039 3687 δι
1056 3614 1147 3687 Moisr
1164 3620 1199 3688 &
1213 3618 1317 3688 Helie.
1331 3616 1421 3687 Erilli
1439 3618 1529 3687 cives

499 3725 671 3796 nominant
681 3724 774 3796 illum
789 3725 901 3796 locum
921 3733 996 3820 elge
1013 3753 1096 3797 mons
1106 3756 1118 3806 ;
1139 3725 1204 3796 illic
1221 3723 1369 3796 orabant.

532 4035 556 4069 s.
569 4018 632 4083 Ma,
645 4019 673 4070 C.
683 4014 872 4069 concessum-
883 4019 907 4068 b.
914 4017 978 4081 Mb,
1040 4018 1066 4069 C.
1082 4017 1211 4070 Chaman.
1221 4017 1278 4071 -f.
1293 4019 1340 4071 Hac
1351 4017 1475 4087 incipian
1490 4049 1528 4057 -—

497 4099 524 4150 C.
538 4096 625 4149 multa.
641 4127 673 4136 -
691 4113 712 4149 c.
730 4095 826 4148 litoius
835 4099 862 4149 d.
876 4096 902 4148 in
915 4097 979 4160 Mb,
1040 4114 1065 4165 g.
1078 4096 1113 4148 al.
1127 4097 1221 4149 vinum.

497 4179 525 4229 C.
538 4207 574 4215 -
590 4177 616 4229 d.
631 4177 684 4229 Mb.
696 4193 762 4228 nunc
775 4176 816 4229 est.
829 4205 863 4216 -
877 4195 898 4230 e.
913 4176 978 4238 Ma,
