3390 5720
529 442 594 514 108
815 453 1231 508 Autoutuusmnnnun

811 701 913 774 XXX.
940 706 1102 789 mambre,
1120 705 1255 772 Hebron.

564 893 617 961 De
640 888 827 960 Bethlehem
854 889 954 984 usque
980 887 1023 959 ad
1049 891 1149 958 t'lr'cent
1171 892 1325 960 Mambre
1351 889 1423 958 sunt
1449 888 1570 959 millia

515 998 632 1096 viginti
658 997 753 1086 tria,⁰
778 997 812 1067 in
831 1022 899 1091 quo
915 996 993 1066 loco
1011 995 1217 1091 requiescunt
1231 994 1400 1068 Abraham
1416 999 1452 1066 ἀ
1464 996 1570 1066 Isaac

517 1108 553 1175 δι
567 1101 661 1175 lacob
678 1106 713 1174 ἃ
729 1105 816 1194 Sara,
830 1101 922 1175 srmul
938 1106 973 1174 ἃ
987 1101 1058 1174 ossa
1076 1103 1198 1200 loseph.
1218 1103 1265 1174 Est
1279 1108 1323 1174 ibi
1339 1107 1460 1201 bofilr'cn
1482 1101 1569 1172 edi-

518 1211 616 1282 ficata
634 1211 667 1280 in
686 1208 959 1306 quadriporticus,
976 1212 1094 1281 atrium
1110 1211 1144 1283 in
1163 1210 1274 1282 medio
1292 1209 1569 1306 discoopertum,

519 1324 554 1391 ὅ(
570 1345 629 1416 per
646 1317 792 1389 medium
818 1317 966 1389 discurrit
987 1318 1160 1410 cancellus,
1181 1321 1216 1388 dt
1239 1345 1279 1390 ex
1301 1343 1368 1388 uno
1385 1318 1487 1388 latere
1509 1319 1570 1388 in·

520 1451 606 1496 trane
623 1423 807 1514 Christiani,
829 1450 869 1494 ex
889 1423 954 1494 alio
979 1422 1076 1514 ludei,
1101 1425 1231 1495 incensa
1259 1425 1411 1495 facientes
1436 1425 1568 1497 multa.

521 1528 691 1626 Depositio
707 1529 815 1602 lacobi
829 1531 862 1600 in
876 1555 958 1601 terra
970 1531 1027 1600 illa
1044 1530 1096 1602 die
1113 1532 1222 1626 primo
1238 1532 1311 1627 post
1323 1531 1464 1604 natalem
1480 1533 1570 1602 Do-

520 1638 602 1708 mini
620 1635 822 1708 devotissime
846 1635 888 1708 ab
905 1635 1057 1708 omnibus
1075 1635 1266 1727 celebratur,
1285 1640 1328 1710 ita
1347 1663 1381 1708 ut
1399 1665 1437 1709 ex
1455 1639 1570 1710 omni

520 1769 602 1816 terra
623 1744 797 1814 ludeorum
823 1745 999 1814 conveniat
1023 1742 1266 1816 innumerabilis
1288 1744 1475 1836 multitudo,
1511 1747 1569 1814 in-

519 1853 615 1922 censa
641 1850 745 1922 ferens
771 1848 875 1919 multa
896 1851 949 1921 vel
972 1849 1155 1942 luminaria,
1174 1855 1208 1922 dt
1228 1877 1363 1922 munera
1385 1849 1466 1922 dans
1493 1853 1570 1924 ser·

519 1957 705 2032 vientibusl
722 1956 866 2030 ibidem.-

525 2199 639 2271 XXXl.
653 2205 771 2288 emens,
791 2203 840 2270 ubi
858 2203 970 2270 occidit
987 2203 1094 2270 David
1108 2201 1244 2288 Goliam,
1263 2199 1357 2270 &ubi
1374 2203 1451 2270 oliir
1463 2202 1568 2270 Saul.

575 2388 653 2454 stem
680 2407 873 2454 revertentes
894 2385 928 2454 in
950 2383 1129 2474 lerusalem,
1151 2381 1377 2454 descendimus
1397 2384 1428 2453 in
1452 2384 1571 2474 viam,

527 2515 591 2586 que
614 2488 705 2562 vadit
720 2493 850 2562 Gazam
872 2491 1131 2562 &Ascalonem
1158 2489 1309 2562 Milliario
1331 2487 1490 2586 vigefimo
1520 2491 1571 2564 de

525 2597 728 2670 Hierusalem
745 2598 892 2667 venimus
908 2597 942 2668 in
968 2614 1148 2686 montem‚‘
1165 2602 1216 2666 ubi
1233 2600 1346 2667 oceidit
1362 2601 1468 2667 David
1487 2603 1572 2670 Go-

524 2708 611 2790 liam,
631 2700 737 2773 ubi&
754 2729 885 2774 mortuus
903 2703 948 2774 est
964 2706 1041 2773 Saul
1058 2707 1093 2774 ὅ(
1106 2703 1188 2776 filius
1206 2705 1273 2775 eius
1291 2703 1449 2774 lonathas.
1469 2709 1574 2778 lacet

523 2811 569 2884 ibi
586 2811 702 2884 Colias
727 2812 761 2883 in
785 2807 894 2881 media
920 2811 983 2902 via,
1005 2809 1048 2881 ad
1069 2835 1169 2907 caput
1187 2806 1310 2881 habens
1335 2835 1486 2881 acervum
1509 2815 1573 2886 in·

525 2944 660 3017 gentem
676 2919 843 3016 lignorum
860 2919 1091 3014 &supereum
1108 2919 1298 3015 congeriem
1317 2943 1491 3014 petrarum,
1515 2924 1572 2995 ita

526 3051 561 3098 ut
578 3025 620 3096 ad
642 3025 740 3096 millia
761 3026 878 3121 viginti
900 3049 970 3096 non
992 3024 1088 3121 poffis
1112 3025 1256 3095 invenire
1273 3023 1428 3120 lapidem,
1451 3051 1571 3120 quem

526 3159 661 3204 movere
679 3131 786 3228 posse,
804 3133 879 3226 quia
894 3132 964 3202 usirs
980 3132 1024 3202 est
1037 3132 1122 3202 talis:
1143 3133 1271 3226 quoties
1292 3133 1362 3225 quis
1377 3131 1450 3201 illuc
1469 3157 1571 3206 tran-

526 3238 618 3328 sierit,
641 3263 749 3310 ternos
774 3240 882 3310 secum
907 3238 1012 3310 desert
1027 3238 1152 3335 lapides
1175 3241 1209 3308 dt
1234 3263 1290 3309 eos
1314 3239 1442 3334 proiicit
1460 3239 1574 3338 super

526 3348 632 3444 ipsum
651 3346 821 3416 tumulum.
839 3347 890 3416 Sic
909 3349 942 3416 &
961 3371 1020 3416 nos
1039 3343 1179 3417 similiter
1199 3345 1343 3416 fecimus.

577 3458 610 3523 ln
635 3457 783 3523 montibus
801 3455 914 3522 Gelloe
932 3477 993 3523 nec
1019 3477 1082 3542 tos,
1110 3478 1171 3523 nec
1196 3453 1306 3548 pluvia
1325 3451 1504 3544 descendit,
1526 3461 1570 3530 ἃ

526 3561 693 3630 ηοέὶιιτηὶε
714 3559 801 3630 horis
827 3560 949 3630 secreto
966 3557 1117 3631 videntur
1135 3559 1224 3630 volvi
1243 3558 1407 3630 immundi
1426 3561 1569 3657 spiritus

524 3692 694 3763 tamquam
713 3666 828 3738 vellera
844 3666 918 3738 lane
936 3667 988 3738 vel
1007 3690 1092 3737 certe
1114 3664 1203 3737 unde
1222 3668 1327 3738 maris.

562 3926 584 3960 a.
601 3906 637 3959 Al.
653 3923 725 3960 xxiv.
741 3935 773 3946 -·
788 3909 811 3958 b.
826 3909 881 3958 Ber.
892 3935 923 3945 —
933 3923 954 3957 c.
967 3906 1054 3958 Omitto
1067 3905 1174 3960 Gelboe.
