3432 5710
509 545 588 646 Ι961
962 543 1067 646 (518)

503 772 608 835 dentes
619 793 722 835 corarn
732 773 798 834 viro
811 772 885 852 Dei,
896 774 1052 835 dixerunt:
1070 799 1082 830 r
1097 771 1194 850 Salve,
1205 771 1305 836 sandle
1314 771 1377 834 Dei
1390 771 1532 852 Theline,

505 886 518 917 ‹
530 861 560 924 δι
571 860 690 942 utapud
701 861 875 923 Dominum
883 862 972 924 nobis
982 861 1102 923 valeant
1115 881 1218 943 preces
1227 878 1286 924 tuae
1297 863 1448 944 propitius
1458 883 1532 924 con·

505 949 617 1028 «cede,
636 952 708 1032 quia
725 951 817 1012 hodie
839 950 906 1034 plus
925 950 1033 1013 ceteris
1053 950 1253 1012 confratribus
1275 952 1335 1014 tuis
1357 949 1532 1015 sublimatus

505 1062 518 1094 ‹
529 1059 571 1116 es,
583 1037 711 1100 resrdens
723 1040 753 1099 in
764 1038 832 1100 sede
842 1037 972 1100 Domini
984 1038 1075 1101 nostri
1083 1035 1148 1100 Iesu
1157 1038 1279 1117 Christi,
1290 1042 1320 1101 in
1329 1061 1391 1122 qua
1400 1039 1531 1122 parribus

505 1153 518 1184 ‹
529 1125 635 1190 nostris
652 1128 832 1208 praedicabat
846 1148 973 1210 regnum
985 1126 1057 1191 Dei.
1070 1153 1083 1184 s
1107 1128 1178 1190 Hoc
1191 1127 1316 1190 audiens
1328 1129 1375 1191 vir
1387 1128 1450 1190 Dei
1462 1150 1531 1190 cum

504 1236 614 1296 magno
640 1214 760 1298 stupore
780 1207 917 1295 surrexit,
938 1215 967 1278 δι
987 1215 1016 1278 se
1037 1217 1068 1278 in
1091 1232 1202 1278 terram
1228 1215 1387 1298 prostravit
1410 1215 1531 1281 dicens:

505 1327 517 1360 a
531 1301 643 1364 Beatus
654 1305 708 1382 vir,
718 1305 771 1386 qui
782 1325 844 1365 non
857 1305 931 1367 abiit
944 1307 975 1366 in
988 1305 1112 1368 consrlio
1128 1307 1303 1387 impiorum,
1314 1303 1345 1367 δι
1357 1307 1387 1367 in
1400 1306 1449 1367 via
1463 1329 1531 1388 pec-

505 1417 517 1450 «
532 1408 669 1454 catorum
684 1413 746 1453 non
761 1392 851 1471 stetit,
869 1391 898 1454 δι
913 1394 944 1455 in
959 1393 1102 1456 cathedra
1117 1395 1294 1477 pestilentiae
1307 1416 1371 1455 non
1385 1394 1470 1457 sedit.
1492 1395 1531 1460 Et

504 1506 519 1537 ι
533 1480 710 1542 benedidtus
723 1480 867 1559 Salvator,
881 1485 933 1564 qui
949 1481 1049 1544 sedern
1065 1481 1115 1546 srbi
1132 1481 1198 1547 fieri
1212 1484 1303 1567 elegit
1317 1483 1355 1546 de
1370 1483 1466 1566 ligno,
1479 1484 1528 1565 qui

505 1593 518 1627 r
533 1589 586 1650 per
595 1568 711 1650 lignum
722 1569 892 1631 succurrere
904 1569 1001 1633 voluit
1013 1572 1150 1654 pereunti
1162 1572 1287 1635 mundo.
1301 1597 1314 1629 ›
1331 1572 1531 1656 Rogaverunt

503 1678 575 1739 ergo
589 1678 660 1720 eurn
679 1677 785 1719 omnes
800 1673 948 1740 quatenus
970 1661 1007 1721 ad
1025 1661 1256 1723 instrudlionem
1276 1661 1427 1724 virtutum
1447 1682 1528 1744 para-

503 1745 606 1808 bolam
621 1745 664 1808 eis
681 1745 718 1807 de
730 1745 850 1809 Christo
866 1746 990 1826 diceret,
1004 1765 1038 1811 ut
1052 1749 1125 1812 srcut
1139 1749 1227 1811 illurn
1242 1751 1378 1813 imitatus
1390 1750 1488 1812 suerat
1501 1751 1528 1812 in

502 1833 645 1896 cathedra
658 1832 824 1913 residendo,
838 1856 908 1896 eum
924 1837 1093 1900 imitaretur
1106 1838 1234 1900 verbum
1246 1838 1307 1901 Dei
1325 1838 1528 1921 praedicando.

503 1920 571 2006 Qui
586 1922 692 1983 videns
707 1942 842 1984 amorem
857 1925 950 1986 divini
967 1927 1048 1988 verbi
1069 1925 1195 2010 flagrare
1211 1927 1241 1989 in
1256 1927 1401 1989 cordibus
1417 1947 1530 2004 eorum,

501 2031 573 2071 cum
587 2010 698 2092 linguae
710 2032 817 2072 eorum
832 2013 952 2094 penitus
964 2035 1071 2096 expers
1083 2015 1149 2093 suit,
1163 2017 1243 2078 miro
1254 2016 1349 2078 modo
1360 2014 1534 2085 sollicitudo

502 2097 681 2182 &angustia
699 2102 855 2182 premebat
873 2123 953 2164 eum.
977 2103 1022 2165 Ut
1043 2119 1144 2167 tamen
1165 2105 1282 2186 populo
1301 2103 1484 2187 supplicann'
1503 2103 1530 2165 dr

501 2187 626 2250 illorum
640 2204 714 2250 voto
736 2187 927 2268 satisfaceret,
947 2189 1040 2254 sacras
1060 2192 1231 2275 Scripturas
1252 2214 1409 2275 exponere
1423 2193 1529 2273 coepit;

503 2274 743 2358 &unusquisque
753 2276 932 2340 adstantium
945 2277 1031 2340 illurn
1044 2280 1094 2342 sua
1105 2281 1208 2364 lingua
1218 2281 1397 2364 loquentem
1409 2282 1529 2342 audivit.

504 2365 647 2446 Cumque
663 2377 769 2427 omnes
791 2381 874 2427 tanta
888 2365 1050 2430 dulcedine
1067 2368 1213 2432 sermonis
1228 2369 1310 2432 illius
1325 2367 1421 2431 essent
1434 2367 1527 2430 afferri

502 2469 536 2512 ut
551 2467 665 2535 quanto
680 2473 751 2513 eurn
764 2453 877 2516 diutius
892 2455 1040 2535 audirent,
1054 2459 1149 2541 magis
1164 2457 1253 2520 illum
1268 2459 1374 2520 audire
1384 2452 1529 2518 desidera·

504 2554 586 2614 rent,
607 2560 645 2600 ne
667 2540 851 2622 praedicandi
873 2544 1009 2605 officium
1029 2545 1183 2608 videretur
1206 2543 1395 2629 praesumere,
1414 2541 1435 2604 sr
1455 2543 1528 2607 solus

504 2625 696 2709 praedicasset,
708 2630 823 2710 populo
836 2628 926 2693 dixit:
944 2657 956 2690 r
972 2633 1088 2696 Audite
1099 2635 1160 2696 iarn
1171 2657 1189 2697 a
1200 2634 1341 2696 fratribus
1353 2633 1430 2696 meis
1442 2635 1528 2696 verba

505 2741 516 2772 t
532 2716 611 2794 vitae,
620 2716 672 2798 qui
685 2737 732 2778 me
744 2719 938 2800 perfectiores
950 2722 1051 2784 invita
1061 2722 1138 2801 sunt,
1149 2722 1179 2785 δι
1190 2723 1401 2806 diligentiores
1412 2725 1443 2786 in
1455 2725 1527 2786 doc-

505 2829 517 2862 «
533 2805 619 2866 trina.
634 2829 646 2860 r
661 2805 940 2890 Surrexeruntergo
951 2808 970 2871 s.
980 2808 1083 2873 David
1094 2811 1124 2873 δι
1135 2809 1292 2889 Paternus,
1304 2810 1334 2873 δι
1346 2813 1527 2893 praedicave-

502 2908 572 2954 runt
594 2894 720 2976 populo,
739 2896 938 2980 omnibusque
960 2899 991 2960 in
1013 2898 1062 2961 sua
1084 2899 1187 2982 lingua
1206 2899 1340 2981 perferte
1357 2901 1527 2984 intelligen-

503 2983 583 3043 tibus
598 3003 660 3044 eos.

544 3096 556 3127 ‹
575 3068 645 3132 Post
662 3072 727 3133 haec
742 3093 824 3152 vero,
846 3074 1057 3138 admonitione
1075 3075 1223 3159 angelica,
1236 3097 1254 3136 a
1267 3076 1353 3138 clero
1369 3076 1399 3140 dt
1415 3079 1526 3159 populo

502 3159 591 3223 elesii
608 3157 777 3241 pontificali
788 3162 933 3244 dignitate
947 3163 1098 3227 sublimati
1114 3165 1197 3244 sunt,
1212 3163 1336 3249 &quast
1351 3167 1382 3228 in
1398 3165 1527 3228 testimo·

502 3250 589 3312 nium
602 3249 720 3331 gratiae,
742 3271 835 3332 quarn
857 3252 897 3314 ibi
914 3250 1055 3315 Domino
1078 3254 1225 3337 largiente
1244 3254 1443 3338 susceperant,
1463 3257 1527 3317 data

503 3337 569 3399 sunt
598 3338 641 3399 eis
670 3337 797 3418 pretiosa
822 3340 877 3400 tria
900 3361 1040 3420 munera,
1069 3360 1160 3424 prout
1184 3344 1296 3425 cuique
1320 3344 1526 3426 competebat:

504 3425 632 3489 Paterno
656 3425 780 3488 baculus
795 3425 824 3488 δι
839 3449 936 3509 cappa
956 3429 1096 3510 choralis,
1119 3430 1249 3513 pretioso
1268 3430 1364 3493 serico
1378 3449 1527 3512 contexta,

503 3513 640 3597 eoquod
666 3512 751 3576 illum
771 3531 928 3578 cantorem
949 3521 1104 3600 egregium
1120 3519 1273 3582 videbant.
1294 3519 1406 3583 Sandis
1429 3537 1526 3583 autern

504 3603 606 3667 David
626 3604 717 3666 altare
739 3602 913 3683 mirificum,
933 3605 1011 3667 nulli
1034 3609 1111 3668 bene
1134 3625 1243 3670 notum
1267 3608 1304 3669 de
1326 3630 1387 3691 qua
1408 3611 1527 3672 materia

503 3694 600 3755 suerat
610 3691 723 3755 farrum
733 3713 739 3754 :
751 3713 821 3754 nam
834 3695 995 3757 iucundius
1006 3697 1116 3758 ceteris
1124 3695 1298 3759 celebravit.
1321 3697 1417 3758 Beato
1429 3715 1525 3760 autem

502 3781 637 3844 Theliao
659 3780 834 3864 cymbalum
854 3781 1002 3844 dederunt
1020 3786 1117 3867 magis
1132 3785 1291 3863 famosum,
1310 3807 1403 3868 quam
1418 3783 1453 3848 srt
1466 3807 1525 3847 ma-

503 3891 608 3953 gnum,
622 3870 717 3952 magis
733 3870 905 3951 pretiosum,
919 3892 1012 3953 quam
1030 3872 1202 3954 pulchrum,
1217 3874 1288 3956 quia
1299 3872 1381 3934 dulci
1395 3872 1467 3936 sono
1479 3896 1525 3936 or-

503 3978 616 4041 ganum
637 3979 729 4019 omne
751 3957 871 4020 videtur
889 3958 1052 4040 excellere,
1075 3963 1211 4043 periuros
1231 3961 1370 4040 damnat,
1392 3961 1525 4024 infirmos

503 4063 602 4123 curat3
614 4045 643 4108 δι
654 4045 775 4129 srngulis
786 4048 867 4110 horis
878 4047 964 4109 nullo
980 4065 1123 4111 movente
1137 4049 1271 4128 sonabat,
1286 4050 1386 4112 donec
1398 4051 1525 4131 peccatis

503 4135 664 4199 hominum
675 4135 875 4216 exigentibus,
886 4136 939 4217 qui
947 4134 1027 4196 'illud
1040 4135 1164 4216 pollutis
1175 4137 1315 4200 manibus
1327 4153 1442 4200 temere
1454 4155 1525 4200 trac-

504 4225 617 4303 tabant,
635 4241 728 4286 atam
744 4223 824 4286 dulci
847 4223 992 4306 obsequio
1007 4221 1148 4287 cessaret:
1168 4223 1243 4288 srcut
1257 4226 1340 4288 enim
1355 4226 1524 4308 cymbalum

504 4331 521 4374 a
542 4329 664 4396 torpore
684 4311 780 4374 somni
800 4313 830 4376 δι
852 4314 967 4377 inertiae
986 4314 1114 4377 cundtos
1129 4314 1165 4376 ad
1181 4311 1339 4377 ecclesram
1353 4316 1471 4394 invitat,
1487 4316 1525 4378 ira
