<?xml version="1.0" encoding="UTF-8"?>
<!DOCTYPE html PUBLIC "-//W3C//DTD XHTML 1.0 Transitional//EN"
    "http://www.w3.org/TR/xhtml1/DTD/xhtml1-transitional.dtd">
<html xmlns="http://www.w3.org/1999/xhtml" xml:lang="en" lang="en">
 <head>
  <title>
</title>
<meta http-equiv="Content-Type" content="text/html;charset=utf-8" />
  <meta name='ocr-system' content='tesseract 3.04.00' />
  <meta name='ocr-capabilities' content='ocr_page ocr_carea ocr_par ocr_line ocrx_word'/>
</head>
<body>
  <div class='ocr_page' id='page_1' title='image "./itinerahierosol00berngoog_0161.png"; bbox 0 0 3390 5720; ppageno 0'>
   <div class='ocr_carea' id='block_1_1' title="bbox 533 524 1266 612">
    <p class='ocr_par' dir='ltr' id='par_1_1' title="bbox 533 524 1266 612">
     <span class='ocr_line' id='line_1_1' title="bbox 533 524 1266 612; baseline -0.007 -30"><span class='ocrx_word' id='word_1_1' title='bbox 533 534 578 612; x_wconf 87' lang='lat'>92</span> <span class='ocrx_word' id='word_1_2' title='bbox 843 525 1066 579; x_wconf 78' lang='lat' dir='ltr'>Aurouruus</span> <span class='ocrx_word' id='word_1_3' title='bbox 1091 524 1266 578; x_wconf 82' lang='lat' dir='ltr'>MARTYR</span> 
     </span>
    </p>
   </div>
   <div class='ocr_carea' id='block_1_2' title="bbox 533 635 1562 664">
    <p class='ocr_par' dir='ltr' id='par_1_2' title="bbox 533 635 1562 664">
     <span class='ocr_line' id='line_1_2' title="bbox 533 635 1562 664; baseline -0.001 -1"><span class='ocrx_word' id='word_1_4' title='bbox 533 635 1562 664; x_wconf 66' lang='lat'><em>........-......-----——-—-——-·-4—--—-—·-—---·</em></span> 
     </span>
    </p>
   </div>
   <div class='ocr_carea' id='block_1_3' title="bbox 530 745 1568 1470">
    <p class='ocr_par' dir='ltr' id='par_1_3' title="bbox 530 745 1568 1470">
     <span class='ocr_line' id='line_1_3' title="bbox 532 745 1564 846; baseline -0.006 -21"><span class='ocrx_word' id='word_1_5' title='bbox 532 755 596 846; x_wconf 85' lang='lat' dir='ltr'>est3</span> <span class='ocrx_word' id='word_1_6' title='bbox 613 755 693 824; x_wconf 88' lang='lat' dir='ltr'>item</span> <span class='ocrx_word' id='word_1_7' title='bbox 708 753 743 824; x_wconf 92' lang='lat' dir='ltr'>in</span> <span class='ocrx_word' id='word_1_8' title='bbox 768 752 934 824; x_wconf 84' lang='lat' dir='ltr'>civitatem</span> <span class='ocrx_word' id='word_1_9' title='bbox 951 750 1096 838; x_wconf 85' lang='lat' dir='ltr'>Triarim,</span> <span class='ocrx_word' id='word_1_10' title='bbox 1124 774 1188 844; x_wconf 91' lang='lat' dir='ltr'>que</span> <span class='ocrx_word' id='word_1_11' title='bbox 1207 747 1326 846; x_wconf 88' lang='lat' dir='ltr'>&amp;ipsa</span> <span class='ocrx_word' id='word_1_12' title='bbox 1350 745 1497 818; x_wconf 90' lang='lat' dir='ltr'>subversa</span> <span class='ocrx_word' id='word_1_13' title='bbox 1519 749 1564 819; x_wconf 86' lang='lat' dir='ltr'>est</span> 
     </span>
     <span class='ocr_line' id='line_1_4' title="bbox 530 851 1564 951; baseline -0.004 -19"><span class='ocrx_word' id='word_1_14' title='bbox 530 860 680 932; x_wconf 82' lang='lat' dir='ltr'>fimiliter.</span> <span class='ocrx_word' id='word_1_15' title='bbox 707 857 838 931; x_wconf 88' lang='lat' dir='ltr'>Deinde</span> <span class='ocrx_word' id='word_1_16' title='bbox 855 859 1004 930; x_wconf 88' lang='lat' dir='ltr'>venimus</span> <span class='ocrx_word' id='word_1_17' title='bbox 1031 860 1065 927; x_wconf 93' lang='lat' dir='ltr'>in</span> <span class='ocrx_word' id='word_1_18' title='bbox 1089 856 1255 928; x_wconf 89' lang='lat' dir='ltr'>civitatem</span> <span class='ocrx_word' id='word_1_19' title='bbox 1275 851 1564 951; x_wconf 80' lang='lat' dir='ltr'>splendidissimam</span> 
     </span>
     <span class='ocr_line' id='line_1_5' title="bbox 532 964 1565 1066; baseline -0.006 -24"><span class='ocrx_word' id='word_1_20' title='bbox 532 977 684 1065; x_wconf 75' lang='lat' dir='ltr'>iierytum,</span> <span class='ocrx_word' id='word_1_21' title='bbox 710 973 744 1041; x_wconf 91' lang='lat' dir='ltr'>in</span> <span class='ocrx_word' id='word_1_22' title='bbox 767 995 833 1065; x_wconf 91' lang='lat' dir='ltr'>qua</span> <span class='ocrx_word' id='word_1_23' title='bbox 857 994 962 1066; x_wconf 86' lang='lat' dir='ltr'>nuper</span> <span class='ocrx_word' id='word_1_24' title='bbox 989 968 1048 1038; x_wconf 89' lang='lat' dir='ltr'>fuit</span> <span class='ocrx_word' id='word_1_25' title='bbox 1069 964 1211 1037; x_wconf 87' lang='lat' dir='ltr'>studium</span> <span class='ocrx_word' id='word_1_26' title='bbox 1226 965 1423 1036; x_wconf 87' lang='lat' dir='ltr'>litterarum:</span> <span class='ocrx_word' id='word_1_27' title='bbox 1448 969 1565 1060; x_wconf 90' lang='lat' dir='ltr'>que&amp;</span> 
     </span>
     <span class='ocr_line' id='line_1_6' title="bbox 530 1071 1568 1177; baseline -0.008 -29"><span class='ocrx_word' id='word_1_28' title='bbox 530 1079 599 1177; x_wconf 83' lang='lat' dir='ltr'>ipsa</span> <span class='ocrx_word' id='word_1_29' title='bbox 616 1076 764 1151; x_wconf 88' lang='lat' dir='ltr'>subversa</span> <span class='ocrx_word' id='word_1_30' title='bbox 790 1077 859 1147; x_wconf 89' lang='lat' dir='ltr'>fuit.</span> <span class='ocrx_word' id='word_1_31' title='bbox 887 1076 1028 1146; x_wconf 83' lang='lat' dir='ltr'>Dicente</span> <span class='ocrx_word' id='word_1_32' title='bbox 1053 1071 1148 1145; x_wconf 89' lang='lat' dir='ltr'>nobis</span> <span class='ocrx_word' id='word_1_33' title='bbox 1170 1071 1329 1170; x_wconf 91' lang='lat' dir='ltr'>episcopo</span> <span class='ocrx_word' id='word_1_34' title='bbox 1347 1073 1496 1162; x_wconf 87' lang='lat' dir='ltr'>civitatis,</span> <span class='ocrx_word' id='word_1_35' title='bbox 1514 1071 1568 1142; x_wconf 87' lang='lat' dir='ltr'>cui</span> 
     </span>
     <span class='ocr_line' id='line_1_7' title="bbox 531 1179 1567 1283; baseline -0.007 -28"><span class='ocrx_word' id='word_1_36' title='bbox 531 1189 665 1283; x_wconf 83' lang='lat' dir='ltr'>cognite</span> <span class='ocrx_word' id='word_1_37' title='bbox 691 1185 819 1255; x_wconf 89' lang='lat' dir='ltr'>fuerant</span> <span class='ocrx_word' id='word_1_38' title='bbox 835 1182 973 1279; x_wconf 86' lang='lat' dir='ltr'>persone</span> <span class='ocrx_word' id='word_1_39' title='bbox 989 1181 1197 1270; x_wconf 87' lang='lat' dir='ltr'>nominatim,</span> <span class='ocrx_word' id='word_1_40' title='bbox 1223 1179 1367 1276; x_wconf 82' lang='lat' dir='ltr'>exceptis</span> <span class='ocrx_word' id='word_1_41' title='bbox 1388 1180 1567 1277; x_wconf 82' lang='lat' dir='ltr'>peregrinis</span> 
     </span>
     <span class='ocr_line' id='line_1_8' title="bbox 531 1286 1567 1390; baseline -0.007 -27"><span class='ocrx_word' id='word_1_42' title='bbox 531 1293 662 1390; x_wconf 90' lang='lat' dir='ltr'>triginta</span> <span class='ocrx_word' id='word_1_43' title='bbox 688 1291 789 1362; x_wconf 89' lang='lat' dir='ltr'>millia</span> <span class='ocrx_word' id='word_1_44' title='bbox 807 1288 850 1361; x_wconf 88' lang='lat' dir='ltr'>ad</span> <span class='ocrx_word' id='word_1_45' title='bbox 866 1286 965 1361; x_wconf 88' lang='lat' dir='ltr'>breve</span> <span class='ocrx_word' id='word_1_46' title='bbox 983 1289 1096 1359; x_wconf 87' lang='lat' dir='ltr'>misere</span> <span class='ocrx_word' id='word_1_47' title='bbox 1113 1286 1166 1357; x_wconf 92' lang='lat' dir='ltr'>hic</span> <span class='ocrx_word' id='word_1_48' title='bbox 1178 1287 1352 1384; x_wconf 90' lang='lat' dir='ltr'>perierunt.</span> <span class='ocrx_word' id='word_1_49' title='bbox 1369 1286 1437 1382; x_wconf 91' lang='lat' dir='ltr'>ipsa</span> <span class='ocrx_word' id='word_1_50' title='bbox 1453 1287 1567 1357; x_wconf 82' lang='lat' dir='ltr'>civitas</span> 
     </span>
     <span class='ocr_line' id='line_1_9' title="bbox 530 1396 1004 1470; baseline -0.006 -1"><span class='ocrx_word' id='word_1_51' title='bbox 530 1401 613 1470; x_wconf 87' lang='lat' dir='ltr'>iacet</span> <span class='ocrx_word' id='word_1_52' title='bbox 630 1396 688 1470; x_wconf 94' lang='lat' dir='ltr'>sub</span> <span class='ocrx_word' id='word_1_53' title='bbox 705 1399 871 1469; x_wconf 86' lang='lat' dir='ltr'>montanis</span> <span class='ocrx_word' id='word_1_54' title='bbox 888 1401 1004 1468; x_wconf 80' lang='lat' dir='ltr'>lilani.</span> 
     </span>
    </p>
   </div>
   <div class='ocr_carea' id='block_1_4' title="bbox 619 1665 1465 1761">
    <p class='ocr_par' dir='ltr' id='par_1_4' title="bbox 619 1665 1465 1761">
     <span class='ocr_line' id='line_1_10' title="bbox 619 1665 1465 1761; baseline -0.001 -26"><span class='ocrx_word' id='word_1_55' title='bbox 619 1668 651 1736; x_wconf 90' lang='lat' dir='ltr'>ll.</span> <span class='ocrx_word' id='word_1_56' title='bbox 669 1669 777 1754; x_wconf 83' lang='lat' dir='ltr'>Sidon,</span> <span class='ocrx_word' id='word_1_57' title='bbox 796 1668 975 1761; x_wconf 82' lang='lat' dir='ltr'>olsclapius,</span> <span class='ocrx_word' id='word_1_58' title='bbox 994 1668 1133 1759; x_wconf 78' lang='lat' dir='ltr'>Sarepta,</span> <span class='ocrx_word' id='word_1_59' title='bbox 1153 1667 1260 1758; x_wconf 77' lang='lat' dir='ltr'>Tyras,</span> <span class='ocrx_word' id='word_1_60' title='bbox 1285 1665 1465 1734; x_wconf 80' lang='lat' dir='ltr'>Ptolemais.</span> 
     </span>
    </p>
   </div>
   <div class='ocr_carea' id='block_1_5' title="bbox 456 1876 1569 3251">
    <p class='ocr_par' dir='ltr' id='par_1_5' title="bbox 456 1876 1569 3251">
     <span class='ocr_line' id='line_1_11' title="bbox 579 1876 1569 1972; baseline -0.003 -25"><span class='ocrx_word' id='word_1_61' title='bbox 579 1879 609 1947; x_wconf 90' lang='grc' dir='ltr'>Α</span> <span class='ocrx_word' id='word_1_62' title='bbox 631 1877 748 1968; x_wconf 86' lang='lat' dir='ltr'>Beryto</span> <span class='ocrx_word' id='word_1_63' title='bbox 765 1877 914 1949; x_wconf 87' lang='lat' dir='ltr'>venimus</span> <span class='ocrx_word' id='word_1_64' title='bbox 931 1879 1087 1962; x_wconf 83' lang='lat' dir='ltr'>Sidonem,</span> <span class='ocrx_word' id='word_1_65' title='bbox 1115 1901 1180 1971; x_wconf 89' lang='lat' dir='ltr'>que</span> <span class='ocrx_word' id='word_1_66' title='bbox 1196 1878 1231 1945; x_wconf 72' lang='grc' dir='ltr'>ὅ(</span> <span class='ocrx_word' id='word_1_67' title='bbox 1247 1876 1316 1971; x_wconf 89' lang='lat' dir='ltr'>ipsa</span> <span class='ocrx_word' id='word_1_68' title='bbox 1336 1901 1376 1945; x_wconf 86' lang='lat' dir='ltr'>ex</span> <span class='ocrx_word' id='word_1_69' title='bbox 1393 1901 1487 1972; x_wconf 85' lang='lat' dir='ltr'>patre</span> <span class='ocrx_word' id='word_1_70' title='bbox 1508 1879 1569 1944; x_wconf 89' lang='lat' dir='ltr'>tuit</span> 
     </span>
     <span class='ocr_line' id='line_1_12' title="bbox 530 1980 1569 2079; baseline -0.001 -26"><span class='ocrx_word' id='word_1_71' title='bbox 530 1986 565 2053; x_wconf 69' lang='grc' dir='ltr'>ὅ(</span> <span class='ocrx_word' id='word_1_72' title='bbox 582 1981 715 2053; x_wconf 86' lang='lat' dir='ltr'>adheret</span> <span class='ocrx_word' id='word_1_73' title='bbox 728 1980 861 2054; x_wconf 81' lang='lat' dir='ltr'>Libano,</span> <span class='ocrx_word' id='word_1_74' title='bbox 881 1983 1045 2053; x_wconf 86' lang='lat' dir='ltr'>Homines</span> <span class='ocrx_word' id='word_1_75' title='bbox 1067 1983 1100 2052; x_wconf 94' lang='lat' dir='ltr'>in</span> <span class='ocrx_word' id='word_1_76' title='bbox 1129 2009 1168 2054; x_wconf 88' lang='lat' dir='ltr'>ea</span> <span class='ocrx_word' id='word_1_77' title='bbox 1185 1981 1318 2079; x_wconf 79' lang='lat' dir='ltr'>pessimi.</span> <span class='ocrx_word' id='word_1_78' title='bbox 1338 1983 1372 2052; x_wconf 75' lang='lat' dir='ltr'>Et</span> <span class='ocrx_word' id='word_1_79' title='bbox 1387 1983 1452 2052; x_wconf 87' lang='lat' dir='ltr'>iilic</span> <span class='ocrx_word' id='word_1_80' title='bbox 1469 1985 1569 2052; x_wconf 90' lang='lat' dir='ltr'>currit</span> 
     </span>
     <span class='ocr_line' id='line_1_13' title="bbox 532 2089 1569 2188; baseline -0.003 -27"><span class='ocrx_word' id='word_1_81' title='bbox 532 2090 648 2162; x_wconf 88' lang='lat' dir='ltr'>fluvius</span> <span class='ocrx_word' id='word_1_82' title='bbox 664 2092 841 2184; x_wconf 76' lang='lat' dir='ltr'>clsclepias,</span> <span class='ocrx_word' id='word_1_83' title='bbox 856 2092 890 2159; x_wconf 77' lang='grc' dir='ltr'>δι</span> <span class='ocrx_word' id='word_1_84' title='bbox 906 2091 980 2160; x_wconf 91' lang='lat' dir='ltr'>sons</span> <span class='ocrx_word' id='word_1_85' title='bbox 996 2089 1075 2161; x_wconf 88' lang='lat' dir='ltr'>inde</span> <span class='ocrx_word' id='word_1_86' title='bbox 1090 2090 1196 2188; x_wconf 83' lang='lat' dir='ltr'>surgit.</span> <span class='ocrx_word' id='word_1_87' title='bbox 1212 2092 1263 2162; x_wconf 90' lang='lat' dir='ltr'>De</span> <span class='ocrx_word' id='word_1_88' title='bbox 1277 2090 1400 2161; x_wconf 89' lang='lat' dir='ltr'>Sidone</span> <span class='ocrx_word' id='word_1_89' title='bbox 1417 2091 1569 2160; x_wconf 85' lang='lat' dir='ltr'>venimus</span> 
     </span>
     <span class='ocr_line' id='line_1_14' title="bbox 532 2195 1568 2292; baseline -0.002 -24"><span class='ocrx_word' id='word_1_90' title='bbox 532 2203 699 2292; x_wconf 80' lang='lat' dir='ltr'>Sareptam,</span> <span class='ocrx_word' id='word_1_91' title='bbox 727 2222 790 2291; x_wconf 92' lang='lat' dir='ltr'>que</span> <span class='ocrx_word' id='word_1_92' title='bbox 808 2198 920 2268; x_wconf 90' lang='lat' dir='ltr'>civitas</span> <span class='ocrx_word' id='word_1_93' title='bbox 947 2195 1081 2267; x_wconf 88' lang='lat' dir='ltr'>modica</span> <span class='ocrx_word' id='word_1_94' title='bbox 1098 2199 1132 2265; x_wconf 73' lang='grc' dir='ltr'>ὅ(</span> <span class='ocrx_word' id='word_1_95' title='bbox 1148 2195 1243 2268; x_wconf 85' lang='lat' dir='ltr'>valde</span> <span class='ocrx_word' id='word_1_96' title='bbox 1260 2197 1431 2268; x_wconf 82' lang='lat' dir='ltr'>christiana</span> <span class='ocrx_word' id='word_1_97' title='bbox 1448 2195 1512 2266; x_wconf 86' lang='lat' dir='ltr'>est:</span> <span class='ocrx_word' id='word_1_98' title='bbox 1534 2199 1568 2266; x_wconf 94' lang='lat' dir='ltr'>in</span> 
     </span>
     <span class='ocr_line' id='line_1_15' title="bbox 532 2303 1567 2402; baseline -0.001 -27"><span class='ocrx_word' id='word_1_99' title='bbox 532 2331 598 2402; x_wconf 91' lang='lat' dir='ltr'>qua</span> <span class='ocrx_word' id='word_1_100' title='bbox 623 2304 818 2374; x_wconf 88' lang='lat' dir='ltr'>cenaculum</span> <span class='ocrx_word' id='word_1_101' title='bbox 832 2304 887 2392; x_wconf 77' lang='lat' dir='ltr'>esi,</span> <span class='ocrx_word' id='word_1_102' title='bbox 903 2303 994 2399; x_wconf 90' lang='lat' dir='ltr'>quod</span> <span class='ocrx_word' id='word_1_103' title='bbox 1015 2303 1138 2374; x_wconf 72' lang='lat' dir='ltr'>sosium</span> <span class='ocrx_word' id='word_1_104' title='bbox 1157 2305 1262 2374; x_wconf 89' lang='lat' dir='ltr'>fuerat</span> <span class='ocrx_word' id='word_1_105' title='bbox 1274 2303 1380 2392; x_wconf 87' lang='lat' dir='ltr'>Helie,</span> <span class='ocrx_word' id='word_1_106' title='bbox 1399 2307 1433 2374; x_wconf 77' lang='grc' dir='ltr'>δι</span> <span class='ocrx_word' id='word_1_107' title='bbox 1453 2304 1567 2394; x_wconf 71' lang='grc' dir='ltr'>Ιεέὶυε,</span> 
     </span>
     <span class='ocr_line' id='line_1_16' title="bbox 531 2408 1568 2500; baseline 0 -18"><span class='ocrx_word' id='word_1_108' title='bbox 531 2410 587 2484; x_wconf 90' lang='lat' dir='ltr'>ubi</span> <span class='ocrx_word' id='word_1_109' title='bbox 600 2408 757 2498; x_wconf 89' lang='lat' dir='ltr'>recubuit,</span> <span class='ocrx_word' id='word_1_110' title='bbox 767 2413 801 2480; x_wconf 76' lang='grc' dir='ltr'>ἃ</span> <span class='ocrx_word' id='word_1_111' title='bbox 814 2410 923 2482; x_wconf 85' lang='lat' dir='ltr'>alveus</span> <span class='ocrx_word' id='word_1_112' title='bbox 937 2437 1150 2500; x_wconf 87' lang='lat' dir='ltr'>marmoreus,</span> <span class='ocrx_word' id='word_1_113' title='bbox 1162 2409 1216 2482; x_wconf 90' lang='lat' dir='ltr'>ubi</span> <span class='ocrx_word' id='word_1_114' title='bbox 1229 2411 1285 2481; x_wconf 86' lang='lat' dir='ltr'>illa</span> <span class='ocrx_word' id='word_1_115' title='bbox 1298 2411 1413 2482; x_wconf 89' lang='lat' dir='ltr'>mulier</span> <span class='ocrx_word' id='word_1_116' title='bbox 1425 2411 1568 2484; x_wconf 87' lang='lat' dir='ltr'>fermen-</span> 
     </span>
     <span class='ocr_line' id='line_1_17' title="bbox 529 2514 1568 2612; baseline -0.002 -23"><span class='ocrx_word' id='word_1_117' title='bbox 529 2520 617 2590; x_wconf 90' lang='lat' dir='ltr'>tavit.</span> <span class='ocrx_word' id='word_1_118' title='bbox 637 2521 670 2588; x_wconf 92' lang='lat' dir='ltr'>ln</span> <span class='ocrx_word' id='word_1_119' title='bbox 688 2542 756 2612; x_wconf 94' lang='lat' dir='ltr'>quo</span> <span class='ocrx_word' id='word_1_120' title='bbox 775 2514 852 2585; x_wconf 90' lang='lat' dir='ltr'>ioco</span> <span class='ocrx_word' id='word_1_121' title='bbox 871 2518 974 2587; x_wconf 93' lang='lat' dir='ltr'>multa</span> <span class='ocrx_word' id='word_1_122' title='bbox 987 2516 1178 2609; x_wconf 84' lang='lat' dir='ltr'>offeruntur,</span> <span class='ocrx_word' id='word_1_123' title='bbox 1192 2520 1226 2587; x_wconf 78' lang='grc' dir='ltr'>δι</span> <span class='ocrx_word' id='word_1_124' title='bbox 1244 2520 1374 2589; x_wconf 90' lang='lat' dir='ltr'>virtutes</span> <span class='ocrx_word' id='word_1_125' title='bbox 1387 2517 1490 2589; x_wconf 89' lang='lat' dir='ltr'>multe</span> <span class='ocrx_word' id='word_1_126' title='bbox 1503 2518 1568 2587; x_wconf 88' lang='lat' dir='ltr'>iilic</span> 
     </span>
     <span class='ocr_line' id='line_1_18' title="bbox 529 2622 1566 2720; baseline -0.004 -24"><span class='ocrx_word' id='word_1_127' title='bbox 529 2625 620 2696; x_wconf 89' lang='lat' dir='ltr'>fiunt.</span> <span class='ocrx_word' id='word_1_128' title='bbox 648 2623 802 2693; x_wconf 80' lang='lat' dir='ltr'>Exeuntes</span> <span class='ocrx_word' id='word_1_129' title='bbox 825 2622 866 2693; x_wconf 94' lang='lat' dir='ltr'>de</span> <span class='ocrx_word' id='word_1_130' title='bbox 885 2625 1019 2720; x_wconf 84' lang='lat' dir='ltr'>Sarepta</span> <span class='ocrx_word' id='word_1_131' title='bbox 1036 2627 1184 2696; x_wconf 86' lang='lat' dir='ltr'>venimus</span> <span class='ocrx_word' id='word_1_132' title='bbox 1206 2627 1240 2696; x_wconf 92' lang='lat' dir='ltr'>in</span> <span class='ocrx_word' id='word_1_133' title='bbox 1258 2625 1424 2697; x_wconf 88' lang='lat' dir='ltr'>civitatem</span> <span class='ocrx_word' id='word_1_134' title='bbox 1443 2625 1566 2718; x_wconf 83' lang='lat' dir='ltr'>Tyrum,</span> 
     </span>
     <span class='ocr_line' id='line_1_19' title="bbox 529 2729 1567 2828; baseline -0.001 -25"><span class='ocrx_word' id='word_1_135' title='bbox 529 2761 548 2803; x_wconf 90' lang='lat' dir='ltr'>a</span> <span class='ocrx_word' id='word_1_136' title='bbox 562 2735 696 2827; x_wconf 87' lang='lat' dir='ltr'>Sarepta</span> <span class='ocrx_word' id='word_1_137' title='bbox 713 2729 863 2800; x_wconf 84' lang='lat' dir='ltr'>miliiatio</span> <span class='ocrx_word' id='word_1_138' title='bbox 882 2731 1032 2828; x_wconf 77' lang='lat' dir='ltr'>septimo</span> <span class='ocrx_word' id='word_1_139' title='bbox 1046 2733 1151 2824; x_wconf 90' lang='lat' dir='ltr'>Tyrus</span> <span class='ocrx_word' id='word_1_140' title='bbox 1168 2734 1281 2803; x_wconf 88' lang='lat' dir='ltr'>civitas</span> <span class='ocrx_word' id='word_1_141' title='bbox 1298 2729 1396 2802; x_wconf 88' lang='lat' dir='ltr'>haber</span> <span class='ocrx_word' id='word_1_142' title='bbox 1414 2731 1567 2802; x_wconf 72' lang='lat' dir='ltr'>homines</span> 
     </span>
     <span class='ocr_line' id='line_1_20' title="bbox 529 2837 1566 2934; baseline 0.003 -25"><span class='ocrx_word' id='word_1_143' title='bbox 529 2863 699 2934; x_wconf 87' lang='lat' dir='ltr'>potentes:</span> <span class='ocrx_word' id='word_1_144' title='bbox 722 2839 788 2909; x_wconf 90' lang='lat' dir='ltr'>vita</span> <span class='ocrx_word' id='word_1_145' title='bbox 814 2837 958 2934; x_wconf 74' lang='lat' dir='ltr'>pessima,</span> <span class='ocrx_word' id='word_1_146' title='bbox 982 2863 1072 2910; x_wconf 85' lang='lat' dir='ltr'>tanta</span> <span class='ocrx_word' id='word_1_147' title='bbox 1099 2840 1234 2930; x_wconf 85' lang='lat' dir='ltr'>luxuria,</span> <span class='ocrx_word' id='word_1_148' title='bbox 1264 2865 1387 2934; x_wconf 87' lang='lat' dir='ltr'>quanta</span> <span class='ocrx_word' id='word_1_149' title='bbox 1410 2838 1475 2910; x_wconf 91' lang='lat' dir='ltr'>dici</span> <span class='ocrx_word' id='word_1_150' title='bbox 1498 2865 1566 2912; x_wconf 92' lang='lat' dir='ltr'>non</span> 
     </span>
     <span class='ocr_line' id='line_1_21' title="bbox 529 2943 1568 3045; baseline 0.002 -29"><span class='ocrx_word' id='word_1_151' title='bbox 529 2946 646 3044; x_wconf 85' lang='lat' dir='ltr'>potest,</span> <span class='ocrx_word' id='word_1_152' title='bbox 665 2971 813 3044; x_wconf 88' lang='lat' dir='ltr'>gynecea</span> <span class='ocrx_word' id='word_1_153' title='bbox 829 2943 971 3041; x_wconf 88' lang='lat' dir='ltr'>publica,</span> <span class='ocrx_word' id='word_1_154' title='bbox 989 2950 1023 3017; x_wconf 89' lang='lat'>&amp;</span> <span class='ocrx_word' id='word_1_155' title='bbox 1041 2948 1237 3017; x_wconf 87' lang='lat' dir='ltr'>olosericum</span> <span class='ocrx_word' id='word_1_156' title='bbox 1250 2951 1284 3017; x_wconf 73' lang='grc' dir='ltr'>ὅ(</span> <span class='ocrx_word' id='word_1_157' title='bbox 1302 2946 1428 3019; x_wconf 91' lang='lat' dir='ltr'>diversa</span> <span class='ocrx_word' id='word_1_158' title='bbox 1444 2973 1568 3045; x_wconf 88' lang='lat' dir='ltr'>genera</span> 
     </span>
     <span class='ocr_line' id='line_1_22' title="bbox 456 3053 1567 3143; baseline 0.002 -20"><span class='ocrx_word' id='word_1_159' title='bbox 456 3111 462 3123; x_wconf 97' lang='lat'>.</span> <span class='ocrx_word' id='word_1_160' title='bbox 530 3053 678 3124; x_wconf 89' lang='lat' dir='ltr'>telarum.</span> <span class='ocrx_word' id='word_1_161' title='bbox 702 3054 821 3125; x_wconf 77' lang='lat' dir='ltr'>Exinde</span> <span class='ocrx_word' id='word_1_162' title='bbox 848 3056 996 3125; x_wconf 88' lang='lat' dir='ltr'>venimus</span> <span class='ocrx_word' id='word_1_163' title='bbox 1016 3057 1250 3143; x_wconf 86' lang='lat' dir='ltr'>Ptolemaidam,</span> <span class='ocrx_word' id='word_1_164' title='bbox 1274 3055 1442 3126; x_wconf 86' lang='lat' dir='ltr'>civitatem</span> <span class='ocrx_word' id='word_1_165' title='bbox 1464 3055 1567 3125; x_wconf 90' lang='lat' dir='ltr'>hone·</span> 
     </span>
     <span class='ocr_line' id='line_1_23' title="bbox 531 3156 1227 3251; baseline 0.006 -23"><span class='ocrx_word' id='word_1_166' title='bbox 531 3159 624 3251; x_wconf 85' lang='lat' dir='ltr'>stam,</span> <span class='ocrx_word' id='word_1_167' title='bbox 643 3156 698 3230; x_wconf 92' lang='lat' dir='ltr'>ubi</span> <span class='ocrx_word' id='word_1_168' title='bbox 715 3162 899 3234; x_wconf 88' lang='lat' dir='ltr'>invenimus</span> <span class='ocrx_word' id='word_1_169' title='bbox 917 3163 1110 3231; x_wconf 85' lang='lat' dir='ltr'>monasteria</span> <span class='ocrx_word' id='word_1_170' title='bbox 1129 3159 1227 3232; x_wconf 88' lang='lat' dir='ltr'>bona.</span> 
     </span>
    </p>
   </div>
   <div class='ocr_carea' id='block_1_6' title="bbox 533 3431 1569 3630">
    <p class='ocr_par' dir='ltr' id='par_1_6' title="bbox 533 3431 1569 3630">
     <span class='ocr_line' id='line_1_24' title="bbox 533 3431 1569 3526; baseline 0.003 -29"><span class='ocrx_word' id='word_1_171' title='bbox 533 3431 577 3498; x_wconf 90' lang='lat' dir='ltr'>ill.</span> <span class='ocrx_word' id='word_1_172' title='bbox 598 3432 622 3497; x_wconf 91' lang='lat' dir='ltr'>S</span> <span class='ocrx_word' id='word_1_173' title='bbox 613 3435 799 3520; x_wconf 88' lang='lat' dir='ltr'>ycamirtum,</span> <span class='ocrx_word' id='word_1_174' title='bbox 820 3437 914 3521; x_wconf 83' lang='lat' dir='ltr'>castra</span> <span class='ocrx_word' id='word_1_175' title='bbox 930 3433 1200 3516; x_wconf 85' lang='lat' dir='ltr'>Samaritanorum,</span> <span class='ocrx_word' id='word_1_176' title='bbox 1222 3437 1429 3518; x_wconf 80' lang='lat' dir='ltr'>monasterium</span> <span class='ocrx_word' id='word_1_177' title='bbox 1450 3433 1569 3526; x_wconf 79' lang='lat' dir='ltr'>Helisei</span> 
     </span>
     <span class='ocr_line' id='line_1_25' title="bbox 777 3538 1318 3630; baseline 0 -24"><span class='ocrx_word' id='word_1_178' title='bbox 777 3542 809 3606; x_wconf 89' lang='lat' dir='ltr'>itt</span> <span class='ocrx_word' id='word_1_179' title='bbox 826 3563 924 3607; x_wconf 84' lang='lat' dir='ltr'>marte</span> <span class='ocrx_word' id='word_1_180' title='bbox 943 3538 1095 3623; x_wconf 83' lang='lat' dir='ltr'>Carmeia,</span> <span class='ocrx_word' id='word_1_181' title='bbox 1117 3543 1318 3630; x_wconf 77' lang='lat' dir='ltr'>Porphyrion.</span> 
     </span>
    </p>
   </div>
   <div class='ocr_carea' id='block_1_7' title="bbox 530 3747 1566 4490">
    <p class='ocr_par' dir='ltr' id='par_1_7' title="bbox 530 3747 1566 4490">
     <span class='ocr_line' id='line_1_26' title="bbox 581 3747 1566 3844; baseline -0.001 -25"><span class='ocrx_word' id='word_1_182' title='bbox 581 3749 711 3819; x_wconf 87' lang='lat' dir='ltr'>Contra</span> <span class='ocrx_word' id='word_1_183' title='bbox 735 3747 981 3837; x_wconf 88' lang='lat' dir='ltr'>Ptolemaidem,</span> <span class='ocrx_word' id='word_1_184' title='bbox 1008 3747 1096 3818; x_wconf 86' lang='lat' dir='ltr'>sexto</span> <span class='ocrx_word' id='word_1_185' title='bbox 1114 3747 1277 3839; x_wconf 88' lang='lat' dir='ltr'>milliario,</span> <span class='ocrx_word' id='word_1_186' title='bbox 1295 3748 1408 3820; x_wconf 88' lang='lat' dir='ltr'>civitas</span> <span class='ocrx_word' id='word_1_187' title='bbox 1423 3747 1479 3838; x_wconf 90' lang='lat' dir='ltr'>est,</span> <span class='ocrx_word' id='word_1_188' title='bbox 1502 3775 1566 3844; x_wconf 92' lang='lat' dir='ltr'>que</span> 
     </span>
     <span class='ocr_line' id='line_1_27' title="bbox 532 3853 1565 3947; baseline -0.003 -22"><span class='ocrx_word' id='word_1_189' title='bbox 532 3879 668 3926; x_wconf 87' lang='lat' dir='ltr'>vocatur</span> <span class='ocrx_word' id='word_1_190' title='bbox 684 3859 884 3947; x_wconf 86' lang='lat' dir='ltr'>Sycamirum,</span> <span class='ocrx_word' id='word_1_191' title='bbox 909 3853 1087 3926; x_wconf 85' lang='lat' dir='ltr'>submonte</span> <span class='ocrx_word' id='word_1_192' title='bbox 1111 3859 1262 3942; x_wconf 81' lang='lat' dir='ltr'>Carmeia,</span> <span class='ocrx_word' id='word_1_193' title='bbox 1287 3853 1354 3946; x_wconf 91' lang='lat' dir='ltr'>ubi,</span> <span class='ocrx_word' id='word_1_194' title='bbox 1377 3853 1565 3925; x_wconf 86' lang='lat' dir='ltr'>milliarioa</span> 
     </span>
     <span class='ocr_line' id='line_1_28' title="bbox 532 3959 1564 4059; baseline 0 -29"><span class='ocrx_word' id='word_1_195' title='bbox 532 3961 720 4052; x_wconf 78' lang='lat' dir='ltr'>sycamim,</span> <span class='ocrx_word' id='word_1_196' title='bbox 738 3963 811 4032; x_wconf 88' lang='lat' dir='ltr'>sunt</span> <span class='ocrx_word' id='word_1_197' title='bbox 823 3970 917 4054; x_wconf 81' lang='lat' dir='ltr'>castra</span> <span class='ocrx_word' id='word_1_198' title='bbox 930 3967 1199 4049; x_wconf 84' lang='lat' dir='ltr'>Samaritanorum,</span> <span class='ocrx_word' id='word_1_199' title='bbox 1213 3965 1248 4032; x_wconf 70' lang='grc' dir='ltr'>ὅ(</span> <span class='ocrx_word' id='word_1_200' title='bbox 1261 3962 1356 4059; x_wconf 84' lang='lat' dir='ltr'>supra</span> <span class='ocrx_word' id='word_1_201' title='bbox 1371 3961 1441 4058; x_wconf 91' lang='lat' dir='ltr'>ipsa</span> <span class='ocrx_word' id='word_1_202' title='bbox 1453 3959 1564 4048; x_wconf 85' lang='lat' dir='ltr'>castra,</span> 
     </span>
     <span class='ocr_line' id='line_1_29' title="bbox 532 4064 1566 4165; baseline 0 -27"><span class='ocrx_word' id='word_1_203' title='bbox 532 4067 683 4138; x_wconf 88' lang='lat' dir='ltr'>milliario</span> <span class='ocrx_word' id='word_1_204' title='bbox 700 4069 806 4159; x_wconf 88' lang='lat' dir='ltr'>semis,</span> <span class='ocrx_word' id='word_1_205' title='bbox 820 4075 1027 4160; x_wconf 81' lang='lat' dir='ltr'>monasterium</span> <span class='ocrx_word' id='word_1_206' title='bbox 1039 4071 1161 4162; x_wconf 84' lang='lat' dir='ltr'>Halisei</span> <span class='ocrx_word' id='word_1_207' title='bbox 1171 4068 1344 4165; x_wconf 89' lang='lat' dir='ltr'>prophete,</span> <span class='ocrx_word' id='word_1_208' title='bbox 1358 4064 1413 4138; x_wconf 91' lang='lat' dir='ltr'>ubi</span> <span class='ocrx_word' id='word_1_209' title='bbox 1424 4069 1566 4138; x_wconf 91' lang='lat' dir='ltr'>occurrit</span> 
     </span>
     <span class='ocr_line' id='line_1_30' title="bbox 530 4173 1563 4265; baseline 0.002 -21"><span class='ocrx_word' id='word_1_210' title='bbox 530 4175 559 4244; x_wconf 91' lang='lat' dir='ltr'>ei</span> <span class='ocrx_word' id='word_1_211' title='bbox 574 4173 699 4265; x_wconf 86' lang='lat' dir='ltr'>mulier,</span> <span class='ocrx_word' id='word_1_212' title='bbox 713 4177 804 4246; x_wconf 89' lang='lat' dir='ltr'>cuius</span> <span class='ocrx_word' id='word_1_213' title='bbox 820 4175 925 4245; x_wconf 89' lang='lat' dir='ltr'>filium</span> <span class='ocrx_word' id='word_1_214' title='bbox 943 4175 1111 4246; x_wconf 85' lang='lat' dir='ltr'>suscitavit.</span> <span class='ocrx_word' id='word_1_215' title='bbox 1128 4181 1161 4246; x_wconf 92' lang='lat' dir='ltr'>ln</span> <span class='ocrx_word' id='word_1_216' title='bbox 1175 4200 1290 4248; x_wconf 89' lang='lat' dir='ltr'>monte</span> <span class='ocrx_word' id='word_1_217' title='bbox 1304 4174 1461 4248; x_wconf 86' lang='lat' dir='ltr'>Catmelo</span> <span class='ocrx_word' id='word_1_218' title='bbox 1473 4177 1563 4246; x_wconf 84' lang='lat' dir='ltr'>inve·</span> 
     </span>
     <span class='ocr_line' id='line_1_31' title="bbox 530 4279 1562 4380; baseline 0.002 -30"><span class='ocrx_word' id='word_1_219' title='bbox 530 4282 618 4351; x_wconf 93' lang='lat' dir='ltr'>nitur</span> <span class='ocrx_word' id='word_1_220' title='bbox 636 4306 725 4376; x_wconf 88' lang='lat' dir='ltr'>petra</span> <span class='ocrx_word' id='word_1_221' title='bbox 742 4279 876 4351; x_wconf 88' lang='lat' dir='ltr'>modica</span> <span class='ocrx_word' id='word_1_222' title='bbox 893 4281 1048 4375; x_wconf 88' lang='lat' dir='ltr'>rotunda,</span> <span class='ocrx_word' id='word_1_223' title='bbox 1069 4308 1144 4377; x_wconf 92' lang='lat' dir='ltr'>que,</span> <span class='ocrx_word' id='word_1_224' title='bbox 1167 4282 1303 4378; x_wconf 89' lang='lat' dir='ltr'>quando</span> <span class='ocrx_word' id='word_1_225' title='bbox 1321 4283 1440 4380; x_wconf 88' lang='lat' dir='ltr'>agitur,</span> <span class='ocrx_word' id='word_1_226' title='bbox 1457 4283 1562 4374; x_wconf 90' lang='lat' dir='ltr'>sonat,</span> 
     </span>
     <span class='ocr_line' id='line_1_32' title="bbox 533 4387 1564 4490; baseline 0.003 -33"><span class='ocrx_word' id='word_1_227' title='bbox 533 4389 609 4486; x_wconf 89' lang='lat' dir='ltr'>quia</span> <span class='ocrx_word' id='word_1_228' title='bbox 631 4387 734 4460; x_wconf 87' lang='lat' dir='ltr'>solida</span> <span class='ocrx_word' id='word_1_229' title='bbox 757 4389 809 4460; x_wconf 87' lang='lat' dir='ltr'>est.</span> <span class='ocrx_word' id='word_1_230' title='bbox 833 4387 921 4461; x_wconf 87' lang='lat' dir='ltr'>Talis</span> <span class='ocrx_word' id='word_1_231' title='bbox 942 4389 988 4460; x_wconf 92' lang='lat' dir='ltr'>est</span> <span class='ocrx_word' id='word_1_232' title='bbox 1008 4391 1107 4462; x_wconf 84' lang='lat' dir='ltr'>virtus</span> <span class='ocrx_word' id='word_1_233' title='bbox 1127 4413 1238 4488; x_wconf 89' lang='lat' dir='ltr'>petre:</span> <span class='ocrx_word' id='word_1_234' title='bbox 1258 4387 1279 4458; x_wconf 88' lang='lat' dir='ltr'>st</span> <span class='ocrx_word' id='word_1_235' title='bbox 1301 4389 1451 4490; x_wconf 82' lang='lat' dir='ltr'>suspensa</span> <span class='ocrx_word' id='word_1_236' title='bbox 1470 4390 1564 4462; x_wconf 88' lang='lat' dir='ltr'>suerit</span> 
     </span>
    </p>
   </div>
   <div class='ocr_carea' id='block_1_8' title="bbox 0 0 1700 5718">
    <p class='ocr_par' dir='ltr' id='par_1_8' title="bbox 0 0 1700 5718">
     <span class='ocr_line' id='line_1_33' title="bbox 0 0 1700 5718; baseline 0 0"><span class='ocrx_word' id='word_1_237' title='bbox 0 0 1700 5718; x_wconf 95' lang='lat' dir='ltr'> </span> 
     </span>
    </p>
   </div>
  </div>
 </body>
</html>
