3296 5700
501 512 569 610 316
878 529 1145 582 triturantium

497 750 618 820 seritur.
634 765 649 793 ⁰
670 753 705 819 sn
729 747 889 820 directum
910 772 1021 820 autem
1045 747 1088 819 ad
1106 749 1269 820 orientem
1284 749 1329 819 est
1345 747 1528 821 ecclesiain

291 879 486 930 attenuarent.
497 854 626 927 honore
646 855 750 926 beatis
772 863 860 926 Petri
882 858 917 927 in
938 857 1015 926 loco
1036 859 1071 927 iii
1093 881 1162 951 quo
1180 858 1366 928 Dominum
1391 859 1529 956 negavit.

291 999 424 1060 Templum.
498 961 553 1033 nd
576 962 766 1058 aquilonem
797 962 841 1033 est
869 965 1010 1058 tempium
1036 965 1221 1055 Salomonis,
1253 962 1378 1036 habens
1408 962 1530 1062 sinago-

291 1086 414 1147 Simtoss·
497 1095 577 1168 gam
591 1071 851 1141 sarracenorum.
870 1067 924 1140 Ad
943 1068 1114 1140 meridiem
1135 1071 1208 1141 sunt
1224 1095 1320 1167 porte
1337 1071 1455 1164 ferree,
1472 1098 1527 1168 per

499 1202 579 1272 quas
596 1176 729 1275 angelus
743 1179 882 1248 Domini
900 1174 1010 1248 eduxit
1023 1177 1148 1248 Petrum
1165 1175 1358 1268 decarcerat,
1377 1203 1443 1274 que
1461 1179 1531 1275 pos·

501 1299 573 1356 teac
590 1308 660 1354 non
675 1284 749 1354 sunt
767 1307 888 1380 aperte.

548 1389 627 1461 xiii.
646 1389 801 1461 Exeuntes
818 1414 925 1462 autem
944 1387 961 1434 ‘¹
970 1390 1012 1462 de
1037 1392 1210 1484 ierusalem,
1236 1387 1531 1462 descendimus‘in

293 1521 364 1570 vnis
377 1518 489 1583 iosaphat.
501 1498 611 1568 vallem
628 1501 800 1592 Iosapliatli,
825 1522 889 1593 que
905 1496 994 1568 abest
1014 1494 1061 1567 as
1070 1498 1200 1569 civitate
1223 1495 1387 1586 milliario,
1413 1495 1531 1570 habens

294 1635 450 1684 aethicam.
501 1603 613 1676 villam
640 1609 857 1701 Geilisemam's
880 1631 957 1675 cuin
979 1604 1057 1674 loco
1080 1604 1256 1674 nativitatis
1281 1603 1392 1674 sancte
1421 1605 1529 1696 Mane,

500 1720 534 1789 in
556 1736 624 1807 quo
649 1712 744 1784 estin
763 1712 891 1783 honore
912 1708 1007 1809 ipsius
1024 1707 1154 1780 ecclesia
1171 1711 1383 1806 permaxima.
1412 1715 1447 1781 sn
1465 1714 1529 1810 ipsa

502 1841 636 1912 quoque
648 1818 724 1890 villa
735 1819 779 1890 est
793 1815 924 1890 ecclesa
936 1821 1046 1888 Sani‘ie
1060 1819 1177 1888 marie
1190 1814 1343 1907 rotunda,
1359 1814 1418 1887 ubi
1432 1819 1529 1890 estse·

319 1912 449 2021 sjfffl
502 1923 752 2021 pulcrumiilius‚
762 1925 865 2022 quod,
875 1925 971 2020 supra
982 1925 1015 1994 se
1025 1928 1148 1996 testum
1160 1948 1230 1994 non
1240 1919 1373 2013 habens,
1384 1925 1530 2020 pluviam

501 2030 637 2101 minime
656 2034 782 2128 patitur.
794 2035 807 2078 s
819 2037 852 2104 sn
869 2033 940 2130 ipso
963 2033 1062 2103 etiam
1077 2031 1154 2103 loco
1173 2032 1218 2103 est
1237 2029 1378 2120 ecclesia,
1405 2035 1522 2127 inquo

294 2143 389 2253 teupi
401 2140 488 2252 ffudi·
502 2138 665 2209 Dominus
686 2138 819 2211 traditus
837 2139 891 2230 est,
918 2135 1040 2210 habens
1063 2163 1203 2235 quatuor
1225 2139 1351 2208 mensas
1369 2137 1526 2208 rotunda

370 2221 399 2252 ⁰⁰
412 2238 426 2250 ⁸
502 2268 582 2315 cene
597 2243 701 2342 ipsius.
728 2250 761 2318 sn
789 2249 870 2317 valle
887 2270 1021 2342 quoque
1039 2251 1181 2342 iosaphat
1202 2245 1246 2316 est
1264 2243 1398 2316 ecclesia
1424 2246 1459 2316 iii
1477 2245 1531 2315 ho·

501 2376 583 2422 nore
598 2351 721 2447 ‘'sanise
742 2358 870 2445 Donrij,
894 2355 928 2423 in
955 2378 1020 2448 qua
1045 2350 1162 2423 dicitur
1179 2352 1345 2423 Dominus
1360 2348 1529 2424 venturus!¹

503 2455 567 2528 esse
585 2456 628 2528 ad
645 2458 810 2530 iudicium.

294 2587 467 2637 Monoiives.
550 2562 634 2633 XlV.
658 2562 734 2635 Inde
760 2564 987 2660 perreximus*
1006 2565 1041 2636 in
1065 2589 1192 2634 montem
1224 2565 1354 2656 oliveri,
1379 2565 1415 2635 iii
1449 2567 1533 2635 cuius

503 2671 643 2742 declivio
669 2671 846 2742 ostenditur
865 2672 958 2742 iocus
984 2670 1142 2742 orationis
1165 2671 1304 2741 Domini
1328 2669 1372 2742 ad
1397 2695 1528 2768 patiam

505 2786 538 2851 iii
556 2780 655 2851 latere
673 2804 783 2851 autem
800 2779 937 2877 prediffi
953 2780 1075 2850 montis
1097 2777 1275 2851 ostenditur
1291 2781 1400 2870 locus,
1418 2781 1452 2849 in
1470 2803 1531 2873 quo

504 2888 636 2960 Pharisei
654 2886 857 2960 deduxerunt
874 2886 918 2959 ad
939 2889 1124 2958 Dominum
1141 2888 1313 2959 mulierem
1325 2890 1361 2959 iii
1375 2886 1530 2958 adulterio

297 3025 391 3073 acciet:
403 3021 436 3098 2⁸·
454 3023 491 3071 10-
506 2994 752 3092 deprehensam,
768 2993 891 3067 habens
907 2997 918 3042 Ι
931 2994 1098 3066 ecclefiam
1114 2996 1148 3065 in
1165 2993 1294 3065 honore
1306 2998 1414 3089 sandi
1430 3000 1531 3065 solim·

343 3086 431 3134 ¹¹⁸¹¹¹¹¹⁸·
504 3111 564 3194 nis,
582 3104 615 3174 in
634 3128 699 3198 qua
717 3105 858 3175 servatur
870 3104 1027 3198 scriptura
1043 3105 1079 3173 in
1090 3100 1200 3198 lapide
1219 3127 1420 3193 marmoreo,
1439 3125 1530 3196 quain

504 3210 669 3281 Dominus
689 3208 808 3306 scripsit
824 3212 858 3280 in
876 3235 968 3281 terra.
985 3225 1005 3255 '¹'

552 3317 623 3387 XV.
644 3322 677 3387 ln
694 3317 864 3387 cacumine
881 3340 992 3388 autem
1009 3317 1112 3412 sepius
1130 3315 1209 3386 diui
1226 3316 1361 3405 montis,
1385 3313 1527 3384 milliario

505 3449 574 3496 uno
595 3448 614 3493 a
638 3427 720 3494 vulse
740 3428 891 3518 iosaphat,
915 3424 959 3495 est
977 3441 990 3468 ’¹
1009 3423 1102 3495 locus
1129 3419 1321 3493 ascensionis
1339 3423 1479 3491 Domini
1493 3417 1531 3490 ad

505 3555 644 3629 patrem,
668 3528 819 3601 ⁰habens
847 3531 1027 3624 eccsefiamP
1056 3527 1235 3601 rotundam
1258 3525 1324 3598 sine
1355 3531 1454 3617 tecto,
1474 3530 1531 3596 iiii

299 3628 494 3738 Mhffiffl'
507 3641 596 3710 cuius
614 3636 737 3729 medi0‚
761 3635 828 3706 hoc
849 3637 944 3707 estin
962 3636 1039 3708 loco
1059 3633 1249 3707 ascensionis
1271 3636 1422 3724 Domini,
1439 3631 1530 3704 habe·

540 3918 564 3951 a.
577 3899 601 3949 F.
616 3897 775 3950 creditur.-
785 3898 809 3948 b.
823 3899 848 3949 F.
864 3894 947 3948 sandi.
956 3923 988 3933 —
1052 3911 1115 3946 runi.
1131 3923 1163 3934 -
1177 3893 1204 3945 k.
1224 3893 1261 3944 M.
1274 3903 1403 3944 venerunt.
1420 3921 1454 3929 -
1465 3889 1482 3942 Ι.
1496 3891 1528 3942 Μ.

508 3996 529 4030 c.
539 3979 576 4044 L.,
587 3980 617 4030 V.
629 3977 733 4048 posh-
741 3978 768 4029 d.
780 3987 897 4030 exeuntes
905 3986 990 4027 autem
1052 3973 1200 4026 habetuiibi
1208 3971 1317 4025 ecclesia.
1328 4001 1354 4010 -
1363 3988 1395 4022 m.
1406 3971 1528 4022 itonam.

508 4061 535 4110 d.
545 4057 571 4110 in
582 4059 617 4110 M.
628 4089 663 4097 —-
672 4077 693 4110 e.
704 4057 876 4110 descendimus
886 4057 913 4106 d.
921 4055 988 4110 inM.
1053 4083 1087 4093 —
1101 4071 1125 4105 n.
1140 4053 1174 4106 est
1186 4056 1211 4106 d.
1225 4052 1251 4104 in
1264 4053 1290 4104 F.
1307 4080 1341 4090 -
1352 4068 1379 4102 ο.
1395 4050 1427 4101 ad
1440 4059 1527 4118 patrem

509 4137 569 4191 -s
580 4158 594 4190 a
606 4141 632 4190 d.
645 4139 671 4190 in
682 4139 709 4190 L.
719 4168 754 4177 -
766 4155 791 4206 g.
802 4138 825 4189 F.
837 4135 990 4189 Gidsemani.
1053 4137 1078 4186 d.
1089 4133 1115 4186 iii
1130 4135 1155 4186 F.
1173 4164 1209 4173 —
1225 4151 1250 4202 p.
1271 4133 1307 4196 F„
1320 4133 1361 4184 M.
1379 4131 1482 4183 habetur
1497 4127 1527 4180 ibi

510 4249 543 4259 —
565 4219 588 4270 h.
603 4221 631 4271 L.
648 4218 749 4286 paritur.
770 4247 803 4257 -
828 4217 845 4268 i.
856 4216 881 4268 in
896 4216 993 4268 honore
1055 4215 1114 4268 eccl.
1130 4243 1161 4254 --
1175 4231 1199 4284 q.
1208 4212 1417 4268 habens....ietto
1429 4213 1452 4264 d.
1467 4209 1524 4260 inf.

510 4301 536 4362 d.
551 4298 576 4353 iii
591 4299 615 4352 F.
631 4328 663 4337 -
679 4299 700 4373 j
717 4299 743 4354 L.
757 4295 887 4350 dominum
905 4307 993 4352 ventu-
