3448 5718
891 533 1115 592 PRAEFATIO.

982 857 1033 930 {X

603 1024 710 1078 sona
730 1024 976 1077 votthmms
990 1025 1047 1078 oa
1063 1023 1188 1078 eoem
1203 1017 1399 1077 sanctos

530 1177 703 1244 Venerabile
719 1180 800 1243 Beda
812 1180 879 1266 stue
893 1179 996 1260 Bada,
1016 1204 1094 1265 quem
1108 1175 1446 1264 :bigla-Saxonemsuiffi
1457 1175 1518 1267 sci·

484 1299 554 1356 mus,
582 1301 653 1341 unus
678 1302 711 1341 ex
730 1275 937 1364 sapienteffimis
956 1277 1157 1368 dotttffinisque
1168 1276 1237 1367 sua
1260 1276 1351 1338 atatis
1373 1271 1519 1351 monacbis,

477 1371 596 1460 septimo
611 1386 760 1460 oetavoquo
769 1377 887 1466 suculis
900 1375 1003 1459 uiniffi
1017 1377 1151 1454 creditur,
1165 1376 1213 1456 qui
1232 1375 1340 1456 quidem
1354 1371 1519 1458 ornatissimo

482 1471 512 1531 in
526 1470 674 1559 multosque
693 1474 821 1536 dottrinis
834 1472 951 1561 versato
963 1473 1069 1555 ingenio
1079 1470 1400 1558 prastannffmussuit.
1414 1467 1519 1552 Qum,
1546 1470 1550 1478 '

484 1590 568 1649 quum
583 1567 704 1654 diversts
710 1567 839 1655 scientia
846 1571 980 1653 partibus
987 1567 1077 1656 suam
1091 1567 1209 1652 dedtffit
1221 1583 1344 1652 operam,
1358 1579 1471 1651 quanta
1478 1563 1521 1651 stt

484 1665 610 1729 utilitatis
630 1667 731 1729 biblica
740 1667 915 1751 geographia
933 1690 985 1730 non
996 1681 1111 1749 poterat
1127 1666 1250 1730 latere.¹
1274 1665 1374 1749 Itaque
1393 1663 1518 1726 libellum

483 1755 648 1850 conscripstt
659 1765 692 1826 de
716 1762 813 1826 Terra
832 1764 944 1844 Sanno,
968 1787 1046 1846 quem
1065 1766 1142 1848 longe
1163 1765 1272 1846 lateque
1291 1760 1441 1849 diffusum,
1460 1763 1518 1824 iam

483 1862 563 1943 apud
585 1862 770 1924 Bernardum
783 1862 947 1925 monacbum
962 1863 995 1942 (c.
1014 1863 1052 1926 X
1050 1861 1078 1944 I)
1100 1863 1250 1926 laudatum
1265 1863 1430 1945 reporimus,
1443 1859 1519 1922 bodie

483 1959 564 2021 etiam
589 1958 721 2043 historicis
738 1956 928 2045 scriptoribus
948 1960 1099 2044 probatum
1124 1957 1268 2031 uidemus,·
1298 1972 1420 2020 attamen
1445 1955 1518 2044 bisce

482 2056 630 2141 noviffimis
643 2055 808 2140 temporibus
821 2078 874 2117 non
889 2057 1004 2120 obtinuit
1014 2057 1090 2120 illud
1102 2070 1167 2141 opus
1180 2056 1303 2135 laudem,
1328 2079 1385 2138 qua
1399 2055 1516 2136 dignum
1584 2075 1587 2084 ¹

482 2153 557 2238 offit,
571 2154 643 2236 quod
653 2153 736 2216 multi
749 2151 832 2240 falso
854 2154 1033 2216 crediderunt
1049 2151 1142 2240 ipsum
1162 2152 1235 2215 nibil
1252 2153 1336 2216 aliud
1353 2150 1408 2235 effi
1429 2172 1516 2233 quam

481 2249 654 2333 Arculfianae
660 2250 892 2334 peregrinationis
902 2252 1012 2334 epitome
1022 2252 1057 2313 li
1066 2251 1202 2312 immerito
1208 2264 1264 2333 pro
1274 2248 1421 2333 arcbetypo
1433 2247 1516 2312 babi-

482 2348 650 2433 tumfuiffi.
672 2347 708 2410 In
722 2346 769 2410 boc
782 2351 902 2412 manime
916 2364 1046 2412 erratecm
1057 2349 1133 2432 suit,
1153 2371 1200 2410 nec
1221 2371 1263 2409 me
1282 2344 1377 2433 ipsum
1390 2368 1443 2408 nen
1458 2369 1516 2408 om-

481 2447 544 2508 nino
565 2449 702 2529 quondam
721 2470 741 2509 a
760 2447 814 2510 tali
832 2469 929 2510 errore
942 2460 1095 2530 exemptum
1107 2445 1331 2531 suoffisatebor.
1349 2444 1433 2508 Beda
1445 2445 1517 2508 enim

481 2565 535 2605 non
546 2543 638 2630 solum
652 2543 764 2628 Arculfi
775 2544 904 2626 epitomen
919 2544 1002 2622 desiit,
1015 2542 1167 2630 sedetiam
1181 2543 1317 2606 notabilia
1330 2542 1421 2605 multa
1432 2541 1515 2606 atae·-

480 2641 531 2719 dit,
555 2665 618 2724 quae
636 2642 665 2702 in
686 2639 806 2726 Arculso
826 2655 878 2704 aut
890 2639 1191 2726 Adamnanosrustra
1210 2640 1351 2723 requiras,
1371 2640 1516 2721 multaque

484 2763 516 2800 en
526 2739 590 2801 aliis
597 2737 714 2826 sareptis
725 2739 832 2819 adiecit,
846 2763 908 2820 qua
919 2763 971 2801 non
979 2738 1073 2822 parui
1082 2739 1156 2802 nobis
1167 2739 1255 2822 pretij
1257 2739 1339 2827 sunt.
1355 2737 1471 2800 Necnon
1481 2741 1516 2802 ὅ

479 2837 581 2926 ipsein
595 2835 674 2900 titulo
687 2837 752 2900 dicit
766 2835 923 2899 Libellum
938 2861 957 2899 a
963 2834 994 2923 s
989 2861 1001 2899 c
1015 2861 1028 2898 e
1044 2833 1205 2922 priscorum
1212 2833 1330 2922 scriptis
1344 2834 1517 2922 compostum

471 2932 579 3017 fuiffi,
594 2947 676 3016 atque
688 2934 717 2994 in
728 2933 860 3023 clausula
864 2932 924 3019 ſsbi
936 2933 1070 2996 maxime
1088 2931 1195 2996 Gallici
1208 2931 1332 3018 episcopi,
1346 2955 1365 2994 a
1371 2932 1518 3022 sacerdote

481 3031 658 3094 Adamnano
679 3028 877 3117 conscriptum,
901 3045 967 3115 opus
980 3032 1076 3094 ducem
1090 3045 1172 3114 atque
1186 3028 1325 3117 auspicem
1341 3029 1520 3118 babueffi,se

482 3143 574 3191 autem
589 3127 766 3190 nibilominus
781 3141 918 3212 excerptos
931 3151 964 3190 en
981 3127 1029 3190 boc
1043 3141 1122 3210 opere
1135 3127 1203 3190 locos
1219 3151 1281 3190 cum
1292 3128 1423 3211 priorum
1437 3127 1519 3192 libris

482 3227 632 3312 contuloffi.
648 3225 778 3309 Exempli
797 3225 868 3287 onim
877 3226 990 3309 gratia,
1013 3227 1117 3309 quain
1138 3223 1259 3309 :Irculfh
1279 3227 1379 3316 desunt
1390 3226 1518 3288 animad-

478 3323 575 3402 uertit,
594 3325 628 3387 li
644 3321 850 3410 prasertimin
872 3346 900 3384 co
913 3322 978 3401 loco,
1003 3347 1054 3406 quo
1067 3324 1100 3385 de
1120 3321 1185 3386 lacu
1207 3321 1366 3401 Bethesda,
1388 3323 1421 3384 do
1434 3321 1519 3405 sonte

478 3416 574 3498 Siloa,
585 3421 618 3482 de
629 3417 741 3508 ecclesa
752 3418 920 3505 Zioneſsta
931 3429 968 3496 (c.
981 3420 1047 3497 III)
1059 3421 1093 3484 ii
1104 3421 1137 3484 de
1148 3419 1281 3484 Mortuo
1293 3418 1378 3482 Mari
1395 3415 1517 3499 (c.IIII)

477 3519 630 3580 trat'tavit.

518 3613 651 3698 ,Quinam
665 3615 734 3697 snnt
746 3637 810 3698 ergo
823 3615 868 3678 illi
881 3623 1015 3694 austeres,
1033 3637 1097 3696 quos
1110 3615 1192 3679 Beda
1204 3615 1234 3676 in
1252 3615 1380 3677 manibus
1393 3612 1518 3678 babuit?

482 3713 517 3776 In
529 3712 630 3796 primis
644 3712 753 3794 quidem
768 3711 890 3776 Flauius
906 3710 1043 3799 Iosephus,
1064 3736 1083 3775 a
1096 3735 1148 3795 quo
1165 3712 1256 3775 multo
1273 3712 1306 3774 de
1326 3734 1432 3794 magna
1451 3711 1516 3774 Ior-

477 3810 560 3872 danis
580 3808 660 3873 ualle
690 3809 801 3895 acecpit.
824 3808 978 3873 Memorat
988 3809 1070 3873 Beda
1092 3811 1242 3896 secundum
1264 3809 1408 3899 Iosepbunt
1426 3807 1514 3884 (Bell.

476 3904 558 3986 lud,
572 3907 593 3970 l.
609 3905 668 3987 IV,
681 3930 704 3969 c.
722 3906 816 3986 VIII,
830 3907 859 3990 2)
882 3908 976 3971 uicum
995 3907 1189 3973 Ginnabtem
1204 3906 1280 3990 (mffi
1292 3909 1326 3972 ii
1339 3908 1381 3971 ed.
1398 3906 1514 3978 Genna-

513 4085 524 4119 s
542 4068 621 4122 Redae
635 4065 808 4138 Expositionem
819 4070 851 4121 de
867 4067 967 4122 nomini·
1030 4068 1113 4121 nostre
1131 4067 1244 4138 presenti
1263 4067 1411 4122 oolleblione
1422 4067 1514 4122 admit·

475 4151 519 4202 bus
532 4147 629 4200 urbiam
651 4147 677 4199 in
695 4147 794 4202 Adibus
811 4147 967 4216 apostolorum
1029 4147 1131 4200 tendum
1151 4165 1202 4202 non
1217 4146 1366 4214 censuimus,
1377 4158 1466 4218 utpote
1480 4145 1512 4199 ud

475 4227 689 4296 (Opp.,v‚⁶6t)‚
701 4227 761 4280 siout
775 4227 801 4280 d.
817 4225 966 4297 Hieronymi
1029 4225 1183 4296 theologiam
1206 4227 1287 4297 megin
1304 4244 1382 4297 qoem
1400 4227 1432 4280 ad
1450 4244 1513 4297 geo-

474 4304 582 4357 libellum
604 4307 643 4358 De
662 4306 738 4358 XLII
756 4305 918 4373 mansionibus
940 4305 965 4357 in
1027 4306 1159 4378 graph'nm
1173 4305 1345 4377 pertinentem.
