3296 5700
304 573 591 628 noutseomcou
616 575 641 628 s.
669 574 912 628 wuntnntnr.
1059 563 1127 661 245

78 793 166 894 gelij
187 795 329 892 gratiam
346 817 434 865 certa
446 792 719 886 demonstrantur,
737 796 790 868 ille
798 795 941 889 videbat,
960 796 1131 871 sedetiam

78 901 158 999 ipsa
185 925 346 972 ten-arum
365 899 452 992 loca,
478 898 533 972 ubi
555 901 721 974 Dominus
743 904 850 976 noster
869 904 1047 998 nascendo,
1072 932 1130 1004 pa·

79 1006 212 1080 tiendo
229 1031 269 1078 ac
281 1005 481 1106 resurgendo
497 1006 592 1079 nobis
604 1013 766 1106 apparuit,
785 1013 820 1081 ἃ
839 1012 1050 1084 nihilominus
1067 1013 1130 1084 alia

80 1113 329 1218 prodigiorum
344 1117 566 1210 virtutumque
583 1115 726 1214 vestigia,
756 1142 819 1213 que
837 1119 1001 1190 Dominus
1020 1121 1055 1190 in
1068 1120 1130 1190 isto

83 1219 173 1294 orbe
193 1247 353 1293 terrarum
371 1218 566 1317 depromere
579 1219 814 1319 diffamareque
831 1222 985 1323 dignatus
1002 1225 1057 1318 est,
1077 1226 1130 1298 ille

83 1331 266 1428 perspicax
285 1330 471 1400 nostrorum
494 1327 690 1428 pedagogus
718 1333 869 1403 omnium
893 1335 1008 1404 omnia
1032 1333 1130 1404 trans-

84 1433 256 1524 meand0,
281 1433 347 1506 fide
368 1434 527 1524 robustus,
552 1437 620 1507 sato
640 1438 823 1509 sornrnatus
840 1441 1022 1535 procaciter
1038 1464 1131 1536 pera·

85 1570 207 1646 grans,
233 1546 347 1616 omnia
368 1542 529 1642 vifitando
548 1543 731 1641 reperiebat
747 1571 845 1642 atque
865 1543 1006 1618 videbat.
1033 1545 1132 1620 Unde

86 1677 182 1724 nunc
202 1677 301 1745 certe,
322 1679 359 1725 ut
374 1656 419 1725 ita
436 1653 557 1744 dicam,
583 1653 663 1724 mihi
690 1652 819 1726 videtur
843 1649 905 1724 else
930 1677 1131 1750 protervum,

86 1757 189 1855 quod
209 1761 270 1831 illa
289 1763 403 1832 omnia
428 1785 522 1830 muto
553 1762 736 1832 tenacitatis
753 1758 889 1851 filentio,
915 1761 1069 1856 oppilatis
1085 1761 1131 1832 la·

88 1864 165 1953 biis,
185 1866 334 1939 humana
352 1891 458 1938 taceat
473 1866 597 1964 lingua,
620 1893 684 1962 que
702 1868 867 1939 Dominus
887 1867 945 1937 suo
964 1867 1055 1938 servo
1074 1894 1132 1965 pet

90 1975 223 2070 proprii
237 1976 384 2071 corporis
398 1970 558 2064 laborem,
572 2001 631 2071 per
647 1971 871 2069 vifionemque
888 1973 1061 2045 oculorum
1080 1975 1130 2044 os·

93 2079 271 2152 tendendo
285 2083 318 2151 in
333 2081 446 2152 nostris
458 2078 662 2176 temporibus
675 2081 817 2152 revelare
835 2080 988 2177 dignatus
1006 2081 1058 2153 est.
1078 2082 1135 2154 llla

91 2212 163 2258 non
177 2189 452 2285 apocryphorum
464 2189 559 2260 venia
574 2191 710 2259 erratica
725 2186 943 2260 dissertatione
956 2189 1056 2259 relata
1068 2183 1133 2259 esse

92 2294 342 2392 cognoscimus,
368 2294 423 2366 sed
441 2294 529 2382 ficut,
556 2297 628 2392 ipso
650 2295 782 2367 vidente
798 2299 833 2367 ὅ(
850 2293 946 2367 nobis
962 2295 1132 2385 referente,

93 2400 135 2472 de
153 2403 222 2471 otis
241 2401 287 2470 sui
299 2398 479 2473 distatione
497 2400 608 2473 audire
625 2406 660 2474 dt
678 2403 889 2474 nihilominus
908 2399 1043 2473 scribere
1061 2400 1132 2473 des·

93 2509 286 2599 timuimus,
300 2505 429 2580 duobus
442 2506 636 2580 diaconibus
647 2506 777 2579 testibus
791 2533 989 2604 mecumque
999 2506 1133 2579 audien-

96 2613 192 2707 tibus,
212 2641 306 2686 nono
323 2613 479 2687 kalendas
494 2615 573 2706 iulij,
591 2613 697 2711 pridie
715 2639 790 2685 ante
808 2614 957 2685 solstitia*
971 2611 1034 2686 die.

144 2724 206 2793 lsta
220 2747 318 2813 certe,
341 2722 519 2794 litterarum
538 2724 657 2820 apices,
679 2747 748 2794 non
766 2718 844 2792 ideo
867 2747 932 2819 ego
951 2719 1055 2792 idiota
1072 2721 1134 2793 dis-

97 2854 213 2927 putare
239 2830 375 2921 inchoo,
396 2827 488 2924 quod
513 2828 554 2899 de
575 2828 675 2900 vestre
699 2829 881 2926 sagacitatis
906 2828 1059 2900 industria
1079 2856 1133 2901 me

97 2936 223 3034 aliquid
243 2934 391 3008 diffidere
416 2937 578 3024 eslimatis,
601 2936 654 3006 seu
677 2933 770 3030 quod
787 2933 871 3006 bene
889 2961 957 3007 non
984 2939 1133 3007 noverim

98 3069 162 3141 ego
190 3043 314 3113 multos
338 3042 527 3132 vestrorum,
552 3068 636 3136 quos
660 3045 825 3115 Dominus
843 3044 932 3115 Deus
962 3042 1134 3137 nosterque

99 3151 228 3221 antistes
245 3151 325 3221 milri
342 3149 568 3246 prestantiores
595 3174 664 3220 non
681 3150 786 3220 solum
807 3149 904 3220 virilis
923 3149 1010 3220 sexus
1028 3147 1135 3246 digni·

100 3281 174 3347 tate,
194 3255 250 3328 sed
261 3255 314 3328 &⁵
331 3255 442 3328 divine
456 3256 657 3327 conditionis
672 3257 847 3328 ministerio
862 3256 1003 3352 preferre
1017 3253 1136 3352 digna·

101 3391 149 3436 tus
165 3367 223 3456 ell,
249 3364 354 3435 multo
380 3364 493 3434 melius
520 3363 631 3435 divine
653 3364 734 3461 legis
761 3363 995 3434 eruditione&
1013 3363 1133 3434 nibilo-

101 3473 208 3544 minus
232 3469 446 3570 indagatione
473 3471 591 3542 sollerti
613 3496 690 3542 cura
714 3473 934 3569 procaciores,
960 3469 1134 3566 disponere

103 3577 302 3674 ediffereque
315 3575 426 3674 polse3
445 3577 500 3649 sed
514 3581 591 3675 quia
603 3605 667 3666 me,
684 3577 858 3675 indignam
870 3603 993 3668 tamen,
1007 3575 1049 3647 de
1062 3577 1134 3648 illo·

102 3712 173 3758 mm
194 3685 391 3785 genealogie
407 3685 502 3782 stirpe
520 3684 651 3756 aliunde
668 3709 901 3782 propagatam,
920 3683 1005 3754 forte
1018 3681 1060 3754 de
1081 3709 1134 3754 ex·

103 3796 211 3864 tremis
229 3817 397 3863 ramorum
422 3791 587 3862 cauliculis
610 3818 663 3862 me
691 3791 761 3863 fore
778 3817 947 3880 noveram,
974 3787 1016 3861 de
1038 3791 1135 3861 tantis

102 3898 280 4000 talibusque
297 3903 443 3973 virorum
456 3896 709 3971 beatitudinibus
732 3897 977 3993 venerabilique
993 3899 1059 3968 vita
1077 3924 1133 3968 eo·

106 4033 175 4077 rum
203 4034 273 4081 non
294 4009 400 4079 solum
423 4008 457 4079 in
482 4005 617 4096 aclibus,
643 4004 699 4077 sed
724 4009 759 4077 ὅ(
786 4007 819 4077 in
845 4003 1014 4078 itineribus
1039 4007 1134 4076 variis

107 4115 347 4212 multifariisque
361 4113 595 4186 miraculorum
607 4110 887 4211 magnitudinibus
900 4111 1043 4209 perfecie
1057 4136 1133 4207 pro·

140 4345 163 4380 a.
180 4330 207 4380 C.
222 4329 283 4380 add.
297 4327 388 4395 martii.
406 4355 440 4366 --
458 4327 482 4379 b.
496 4328 522 4380 G.
536 4326 577 4378 sed
590 4327 614 4378 dt
629 4325 704 4379 etiam
717 4325 840 4396 ‹lignitate
851 4325 935 4378 divine
947 4323 1105 4378 conditionis.
