<?xml version="1.0" encoding="UTF-8"?>
<!DOCTYPE html PUBLIC "-//W3C//DTD XHTML 1.0 Transitional//EN"
    "http://www.w3.org/TR/xhtml1/DTD/xhtml1-transitional.dtd">
<html xmlns="http://www.w3.org/1999/xhtml" xml:lang="en" lang="en">
 <head>
  <title>
</title>
<meta http-equiv="Content-Type" content="text/html;charset=utf-8" />
  <meta name='ocr-system' content='tesseract 3.04.00' />
  <meta name='ocr-capabilities' content='ocr_page ocr_carea ocr_par ocr_line ocrx_word'/>
</head>
<body>
  <div class='ocr_page' id='page_1' title='image "./itinerahierosol00berngoog_0560.png"; bbox 0 0 3434 5704; ppageno 0'>
   <div class='ocr_carea' id='block_1_1' title="bbox 662 565 1229 666">
    <p class='ocr_par' dir='ltr' id='par_1_1' title="bbox 662 565 1229 666">
     <span class='ocr_line' id='line_1_1' title="bbox 662 565 1229 666; baseline -0.007 0"><span class='ocrx_word' id='word_1_1' title='bbox 662 565 768 666; x_wconf 80' lang='lat'>(3²⁶)</span> <span class='ocrx_word' id='word_1_2' title='bbox 1180 581 1229 662; x_wconf 88' lang='lat'>45</span> 
     </span>
    </p>
   </div>
   <div class='ocr_carea' id='block_1_2' title="bbox 128 797 1231 1950">
    <p class='ocr_par' dir='ltr' id='par_1_2' title="bbox 128 797 1231 1950">
     <span class='ocr_line' id='line_1_2' title="bbox 199 797 1230 885; baseline -0.006 -21"><span class='ocrx_word' id='word_1_3' title='bbox 199 825 213 858; x_wconf 80' lang='lat'><strong>«</strong></span> <span class='ocrx_word' id='word_1_4' title='bbox 232 815 282 864; x_wconf 88' lang='lat' dir='ltr'>tur</span> <span class='ocrx_word' id='word_1_5' title='bbox 302 801 437 866; x_wconf 62' lang='lat' dir='ltr'>fandum</span> <span class='ocrx_word' id='word_1_6' title='bbox 460 800 623 866; x_wconf 79' lang='lat' dir='ltr'><strong>Domini»</strong></span> <span class='ocrx_word' id='word_1_7' title='bbox 648 803 770 885; x_wconf 78' lang='lat' dir='ltr'>(Zach.,</span> <span class='ocrx_word' id='word_1_8' title='bbox 791 819 858 880; x_wconf 72' lang='lat' dir='ltr'>xm,</span> <span class='ocrx_word' id='word_1_9' title='bbox 880 801 940 882; x_wconf 69' lang='grc' dir='ltr'>ιο).</span> <span class='ocrx_word' id='word_1_10' title='bbox 971 797 1020 862; x_wconf 86' lang='grc' dir='ltr'>Εο</span> <span class='ocrx_word' id='word_1_11' title='bbox 1049 797 1131 860; x_wconf 88' lang='lat' dir='ltr'>enim</span> <span class='ocrx_word' id='word_1_12' title='bbox 1152 811 1230 860; x_wconf 87' lang='lat' dir='ltr'>tem-</span> 
     </span>
     <span class='ocr_line' id='line_1_3' title="bbox 198 887 1230 975; baseline -0.003 -24"><span class='ocrx_word' id='word_1_13' title='bbox 198 910 273 973; x_wconf 87' lang='lat' dir='ltr'>pore</span> <span class='ocrx_word' id='word_1_14' title='bbox 298 890 478 954; x_wconf 79' lang='lat' dir='ltr'><em>Adriaticum</em></span> <span class='ocrx_word' id='word_1_15' title='bbox 502 915 582 955; x_wconf 82' lang='lat' dir='ltr'>mare</span> <span class='ocrx_word' id='word_1_16' title='bbox 603 894 721 975; x_wconf 86' lang='lat' dir='ltr'>magnis</span> <span class='ocrx_word' id='word_1_17' title='bbox 744 891 886 954; x_wconf 73' lang='lat' dir='ltr'>fluetibus</span> <span class='ocrx_word' id='word_1_18' title='bbox 908 889 1096 968; x_wconf 81' lang='lat' dir='ltr'>movebatur,</span> <span class='ocrx_word' id='word_1_19' title='bbox 1121 887 1230 969; x_wconf 90' lang='lat' dir='ltr'>inquo</span> 
     </span>
     <span class='ocr_line' id='line_1_4' title="bbox 197 976 1231 1064; baseline -0.002 -24"><span class='ocrx_word' id='word_1_20' title='bbox 197 993 262 1041; x_wconf 88' lang='lat' dir='ltr'>tam</span> <span class='ocrx_word' id='word_1_21' title='bbox 285 979 454 1062; x_wconf 83' lang='lat' dir='ltr'>frequentia</span> <span class='ocrx_word' id='word_1_22' title='bbox 481 997 566 1043; x_wconf 87' lang='lat' dir='ltr'>erant</span> <span class='ocrx_word' id='word_1_23' title='bbox 587 981 742 1064; x_wconf 86' lang='lat' dir='ltr'>naufragia</span> <span class='ocrx_word' id='word_1_24' title='bbox 765 1001 802 1042; x_wconf 92' lang='lat' dir='ltr'>ac</span> <span class='ocrx_word' id='word_1_25' title='bbox 829 977 976 1044; x_wconf 80' lang='lat' dir='ltr'>demersio</span> <span class='ocrx_word' id='word_1_26' title='bbox 1000 976 1173 1055; x_wconf 82' lang='lat' dir='ltr'>bominum,</span> <span class='ocrx_word' id='word_1_27' title='bbox 1196 991 1231 1038; x_wconf 90' lang='lat' dir='ltr'>ut</span> 
     </span>
     <span class='ocr_line' id='line_1_5' title="bbox 197 1065 1230 1152; baseline -0.001 -25"><span class='ocrx_word' id='word_1_28' title='bbox 197 1087 313 1150; x_wconf 84' lang='lat' dir='ltr'>vorago</span> <span class='ocrx_word' id='word_1_29' title='bbox 338 1069 547 1152; x_wconf 86' lang='lat' dir='ltr'>navigantium</span> <span class='ocrx_word' id='word_1_30' title='bbox 571 1071 733 1132; x_wconf 87' lang='lat' dir='ltr'>diceretur.</span> <span class='ocrx_word' id='word_1_31' title='bbox 757 1069 853 1131; x_wconf 89' lang='lat' dir='ltr'>Tunc</span> <span class='ocrx_word' id='word_1_32' title='bbox 877 1067 1003 1149; x_wconf 90' lang='lat' dir='ltr'>provida</span> <span class='ocrx_word' id='word_1_33' title='bbox 1026 1065 1131 1147; x_wconf 84' lang='lat' dir='ltr'>regina</span> <span class='ocrx_word' id='word_1_34' title='bbox 1154 1084 1230 1126; x_wconf 92' lang='lat' dir='ltr'>con·</span> 
     </span>
     <span class='ocr_line' id='line_1_6' title="bbox 198 1153 1227 1241; baseline -0.001 -24"><span class='ocrx_word' id='word_1_35' title='bbox 198 1154 306 1219; x_wconf 88' lang='lat' dir='ltr'>dolens</span> <span class='ocrx_word' id='word_1_36' title='bbox 327 1157 446 1219; x_wconf 85' lang='lat' dir='ltr'>excidia</span> <span class='ocrx_word' id='word_1_37' title='bbox 467 1155 656 1237; x_wconf 88' lang='lat' dir='ltr'>miserorum,</span> <span class='ocrx_word' id='word_1_38' title='bbox 680 1179 775 1220; x_wconf 88' lang='lat' dir='ltr'>unum</span> <span class='ocrx_word' id='word_1_39' title='bbox 797 1180 834 1221; x_wconf 87' lang='lat' dir='ltr'>ex</span> <span class='ocrx_word' id='word_1_40' title='bbox 855 1171 987 1241; x_wconf 87' lang='lat' dir='ltr'>quatuor</span> <span class='ocrx_word' id='word_1_41' title='bbox 1004 1154 1099 1216; x_wconf 88' lang='lat' dir='ltr'>clavis</span> <span class='ocrx_word' id='word_1_42' title='bbox 1114 1153 1227 1235; x_wconf 85' lang='lat' dir='ltr'>deponi</span> 
     </span>
     <span class='ocr_line' id='line_1_7' title="bbox 197 1241 1228 1330; baseline 0 -25"><span class='ocrx_word' id='word_1_43' title='bbox 197 1243 282 1306; x_wconf 90' lang='lat' dir='ltr'>iubet</span> <span class='ocrx_word' id='word_1_44' title='bbox 303 1246 334 1307; x_wconf 92' lang='lat' dir='ltr'>in</span> <span class='ocrx_word' id='word_1_45' title='bbox 356 1245 475 1330; x_wconf 83' lang='lat' dir='ltr'>pelago,</span> <span class='ocrx_word' id='word_1_46' title='bbox 488 1245 600 1309; x_wconf 89' lang='lat' dir='ltr'>conlisa</span> <span class='ocrx_word' id='word_1_47' title='bbox 615 1249 653 1310; x_wconf 88' lang='lat' dir='ltr'>de</span> <span class='ocrx_word' id='word_1_48' title='bbox 668 1246 800 1310; x_wconf 87' lang='lat' dir='ltr'>Domini</span> <span class='ocrx_word' id='word_1_49' title='bbox 815 1244 1021 1308; x_wconf 83' lang='lat' dir='ltr'>misericordia</span> <span class='ocrx_word' id='word_1_50' title='bbox 1035 1241 1118 1325; x_wconf 93' lang='lat' dir='ltr'>quod</span> <span class='ocrx_word' id='word_1_51' title='bbox 1134 1241 1228 1305; x_wconf 80' lang='lat' dir='ltr'>saevas</span> 
     </span>
     <span class='ocr_line' id='line_1_8' title="bbox 197 1329 1228 1418; baseline -0.003 -24"><span class='ocrx_word' id='word_1_52' title='bbox 197 1331 347 1395; x_wconf 77' lang='lat' dir='ltr'>lludluum</span> <span class='ocrx_word' id='word_1_53' title='bbox 367 1335 593 1398; x_wconf 81' lang='lat' dir='ltr'>commotiones</span> <span class='ocrx_word' id='word_1_54' title='bbox 618 1335 707 1398; x_wconf 89' lang='lat' dir='ltr'>facile</span> <span class='ocrx_word' id='word_1_55' title='bbox 729 1335 816 1418; x_wconf 87' lang='lat' dir='ltr'>possit</span> <span class='ocrx_word' id='word_1_56' title='bbox 836 1335 1020 1417; x_wconf 87' lang='lat' dir='ltr'>opprimere.</span> <span class='ocrx_word' id='word_1_57' title='bbox 1046 1329 1124 1418; x_wconf 77' lang='lat' dir='ltr'>Quo</span> <span class='ocrx_word' id='word_1_58' title='bbox 1147 1329 1228 1392; x_wconf 75' lang='lat' dir='ltr'>fatto</span> 
     </span>
     <span class='ocr_line' id='line_1_9' title="bbox 196 1419 1228 1508; baseline -0.001 -26"><span class='ocrx_word' id='word_1_59' title='bbox 196 1421 333 1485; x_wconf 90' lang='lat' dir='ltr'>redditur</span> <span class='ocrx_word' id='word_1_60' title='bbox 347 1443 429 1484; x_wconf 88' lang='lat' dir='ltr'>mare</span> <span class='ocrx_word' id='word_1_61' title='bbox 443 1425 592 1506; x_wconf 89' lang='lat' dir='ltr'>quietum,</span> <span class='ocrx_word' id='word_1_62' title='bbox 612 1423 837 1508; x_wconf 88' lang='lat' dir='ltr'>tranquillaque</span> <span class='ocrx_word' id='word_1_63' title='bbox 856 1423 1001 1504; x_wconf 86' lang='lat' dir='ltr'>deinceps</span> <span class='ocrx_word' id='word_1_64' title='bbox 1015 1419 1228 1504; x_wconf 81' lang='lat' dir='ltr'>navigantibus</span> 
     </span>
     <span class='ocr_line' id='line_1_10' title="bbox 196 1506 1227 1597; baseline -0.005 -25"><span class='ocrx_word' id='word_1_65' title='bbox 196 1509 292 1572; x_wconf 85' lang='lat' dir='ltr'>flabra</span> <span class='ocrx_word' id='word_1_66' title='bbox 316 1511 498 1594; x_wconf 80' lang='lat' dir='ltr'>praestantur.</span> <span class='ocrx_word' id='word_1_67' title='bbox 529 1512 623 1575; x_wconf 87' lang='lat' dir='ltr'>Unde</span> <span class='ocrx_word' id='word_1_68' title='bbox 651 1512 744 1597; x_wconf 91' lang='lat' dir='ltr'>usque</span> <span class='ocrx_word' id='word_1_69' title='bbox 769 1513 862 1576; x_wconf 91' lang='lat' dir='ltr'>hodie</span> <span class='ocrx_word' id='word_1_70' title='bbox 885 1527 986 1574; x_wconf 79' lang='lat' dir='ltr'>nautae</span> <span class='ocrx_word' id='word_1_71' title='bbox 1009 1506 1227 1571; x_wconf 76' lang='lat' dir='ltr'>sandlisicatum</span> 
     </span>
     <span class='ocr_line' id='line_1_11' title="bbox 197 1594 1228 1684; baseline -0.002 -25"><span class='ocrx_word' id='word_1_72' title='bbox 197 1618 281 1662; x_wconf 87' lang='lat' dir='ltr'>mare</span> <span class='ocrx_word' id='word_1_73' title='bbox 295 1617 488 1680; x_wconf 89' lang='lat' dir='ltr'>venerantur,</span> <span class='ocrx_word' id='word_1_74' title='bbox 512 1621 584 1664; x_wconf 91' lang='lat' dir='ltr'>cum</span> <span class='ocrx_word' id='word_1_75' title='bbox 599 1602 716 1684; x_wconf 86' lang='lat' dir='ltr'>ingressi</span> <span class='ocrx_word' id='word_1_76' title='bbox 732 1602 854 1680; x_wconf 86' lang='lat' dir='ltr'>suerint,</span> <span class='ocrx_word' id='word_1_77' title='bbox 875 1601 1005 1678; x_wconf 88' lang='lat' dir='ltr'>ieiuniis,</span> <span class='ocrx_word' id='word_1_78' title='bbox 1027 1594 1228 1660; x_wconf 89' lang='lat' dir='ltr'>orationibus·</span> 
     </span>
     <span class='ocr_line' id='line_1_12' title="bbox 198 1686 609 1772; baseline 0.01 -23"><span class='ocrx_word' id='word_1_79' title='bbox 198 1709 257 1772; x_wconf 90' lang='lat' dir='ltr'>que</span> <span class='ocrx_word' id='word_1_80' title='bbox 272 1686 301 1750; x_wconf 77' lang='lat' dir='ltr'>dt</span> <span class='ocrx_word' id='word_1_81' title='bbox 318 1689 475 1771; x_wconf 87' lang='lat' dir='ltr'>psallentio</span> <span class='ocrx_word' id='word_1_82' title='bbox 490 1706 609 1753; x_wconf 84' lang='lat' dir='ltr'>vacant.</span> 
     </span>
     <span class='ocr_line' id='line_1_13' title="bbox 128 1774 1228 1862; baseline -0.006 -20"><span class='ocrx_word' id='word_1_83' title='bbox 128 1859 131 1862; x_wconf 21' lang='grc' dir='ltr'>Ι</span> <span class='ocrx_word' id='word_1_84' title='bbox 238 1776 408 1842; x_wconf 88' lang='lat' dir='ltr'>Clavorum</span> <span class='ocrx_word' id='word_1_85' title='bbox 422 1799 496 1861; x_wconf 85' lang='lat' dir='ltr'>ergo</span> <span class='ocrx_word' id='word_1_86' title='bbox 509 1777 751 1842; x_wconf 87' lang='lat' dir='ltr'>Dominicorum</span> <span class='ocrx_word' id='word_1_87' title='bbox 765 1780 860 1861; x_wconf 84' lang='lat' dir='ltr'>gratia</span> <span class='ocrx_word' id='word_1_88' title='bbox 872 1779 955 1862; x_wconf 92' lang='lat' dir='ltr'>quod</span> <span class='ocrx_word' id='word_1_89' title='bbox 971 1791 1104 1861; x_wconf 87' lang='lat' dir='ltr'>quatuor</span> <span class='ocrx_word' id='word_1_90' title='bbox 1117 1774 1228 1836; x_wconf 89' lang='lat' dir='ltr'>suerint</span> 
     </span>
     <span class='ocr_line' id='line_1_14' title="bbox 197 1862 1228 1950; baseline -0.002 -23"><span class='ocrx_word' id='word_1_91' title='bbox 197 1866 262 1928; x_wconf 82' lang='lat' dir='ltr'>lraec</span> <span class='ocrx_word' id='word_1_92' title='bbox 281 1865 323 1928; x_wconf 89' lang='lat' dir='ltr'>est</span> <span class='ocrx_word' id='word_1_93' title='bbox 336 1867 431 1930; x_wconf 90' lang='lat' dir='ltr'>ratio:</span> <span class='ocrx_word' id='word_1_94' title='bbox 451 1869 513 1930; x_wconf 93' lang='lat' dir='ltr'>duo</span> <span class='ocrx_word' id='word_1_95' title='bbox 528 1867 595 1930; x_wconf 90' lang='lat' dir='ltr'>sunt</span> <span class='ocrx_word' id='word_1_96' title='bbox 609 1869 689 1930; x_wconf 87' lang='lat' dir='ltr'>affixi</span> <span class='ocrx_word' id='word_1_97' title='bbox 705 1871 735 1930; x_wconf 91' lang='lat' dir='ltr'>in</span> <span class='ocrx_word' id='word_1_98' title='bbox 751 1867 870 1950; x_wconf 88' lang='lat' dir='ltr'>palmis,</span> <span class='ocrx_word' id='word_1_99' title='bbox 892 1867 998 1930; x_wconf 87' lang='lat' dir='ltr'>&amp;duo</span> <span class='ocrx_word' id='word_1_100' title='bbox 1013 1867 1044 1928; x_wconf 92' lang='lat' dir='ltr'>in</span> <span class='ocrx_word' id='word_1_101' title='bbox 1060 1864 1182 1947; x_wconf 85' lang='lat' dir='ltr'>plantis:</span> <span class='ocrx_word' id='word_1_102' title='bbox 1197 1862 1228 1925; x_wconf 71' lang='grc' dir='ltr'><strong>ἃ</strong></span> 
     </span>
    </p>
   </div>
   <div class='ocr_carea' id='block_1_3' title="bbox 102 1952 1226 2039">
    <p class='ocr_par' dir='ltr' id='par_1_3' title="bbox 102 1952 1226 2039">
     <span class='ocr_line' id='line_1_15' title="bbox 102 1952 1226 2039; baseline -0.001 -24"><span class='ocrx_word' id='word_1_103' title='bbox 102 2013 111 2032; x_wconf 76' lang='grc'><strong>,</strong></span> <span class='ocrx_word' id='word_1_104' title='bbox 197 1953 340 2036; x_wconf 82' lang='lat' dir='ltr'>quaeritur</span> <span class='ocrx_word' id='word_1_105' title='bbox 353 1975 408 2016; x_wconf 90' lang='lat' dir='ltr'>cur</span> <span class='ocrx_word' id='word_1_106' title='bbox 422 1953 532 2036; x_wconf 80' lang='lat' dir='ltr'>plantae</span> <span class='ocrx_word' id='word_1_107' title='bbox 547 1957 644 2018; x_wconf 83' lang='lat' dir='ltr'>affixae</span> <span class='ocrx_word' id='word_1_108' title='bbox 657 1954 723 2034; x_wconf 70' lang='lat' dir='ltr'>sint,</span> <span class='ocrx_word' id='word_1_109' title='bbox 741 1977 811 2039; x_wconf 75' lang='lat' dir='ltr'>quae</span> <span class='ocrx_word' id='word_1_110' title='bbox 835 1956 864 2017; x_wconf 93' lang='lat' dir='ltr'>in</span> <span class='ocrx_word' id='word_1_111' title='bbox 878 1975 971 2017; x_wconf 87' lang='lat' dir='ltr'>cruce</span> <span class='ocrx_word' id='word_1_112' title='bbox 991 1953 1091 2015; x_wconf 76' lang='lat' dir='ltr'>sandla</span> <span class='ocrx_word' id='word_1_113' title='bbox 1111 1952 1226 2035; x_wconf 88' lang='lat' dir='ltr'>depen-</span> 
     </span>
    </p>
   </div>
   <div class='ocr_carea' id='block_1_4' title="bbox 192 2040 1304 3542">
    <p class='ocr_par' dir='ltr' id='par_1_4' title="bbox 192 2040 1304 3542">
     <span class='ocr_line' id='line_1_16' title="bbox 196 2040 1228 2127; baseline 0 -25"><span class='ocrx_word' id='word_1_114' title='bbox 196 2041 267 2103; x_wconf 90' lang='lat' dir='ltr'>dere</span> <span class='ocrx_word' id='word_1_115' title='bbox 288 2040 357 2104; x_wconf 84' lang='lat' dir='ltr'>visae</span> <span class='ocrx_word' id='word_1_116' title='bbox 384 2041 440 2105; x_wconf 79' lang='lat' dir='ltr'>sint</span> <span class='ocrx_word' id='word_1_117' title='bbox 455 2045 556 2125; x_wconf 88' lang='lat' dir='ltr'>potius</span> <span class='ocrx_word' id='word_1_118' title='bbox 571 2064 664 2127; x_wconf 90' lang='lat' dir='ltr'>quam</span> <span class='ocrx_word' id='word_1_119' title='bbox 679 2043 774 2106; x_wconf 86' lang='lat' dir='ltr'>stare?</span> <span class='ocrx_word' id='word_1_120' title='bbox 797 2041 853 2106; x_wconf 89' lang='lat' dir='ltr'>Sed</span> <span class='ocrx_word' id='word_1_121' title='bbox 871 2045 899 2106; x_wconf 93' lang='lat' dir='ltr'>in</span> <span class='ocrx_word' id='word_1_122' title='bbox 915 2041 1015 2126; x_wconf 88' lang='lat' dir='ltr'>stipite</span> <span class='ocrx_word' id='word_1_123' title='bbox 1028 2040 1132 2104; x_wconf 70' lang='lat' dir='ltr'>erecto</span> <span class='ocrx_word' id='word_1_124' title='bbox 1148 2041 1228 2102; x_wconf 87' lang='lat' dir='ltr'>sora-</span> 
     </span>
     <span class='ocr_line' id='line_1_17' title="bbox 196 2128 1226 2215; baseline 0 -25"><span class='ocrx_word' id='word_1_125' title='bbox 196 2149 267 2192; x_wconf 89' lang='lat' dir='ltr'>men</span> <span class='ocrx_word' id='word_1_126' title='bbox 283 2129 397 2193; x_wconf 65' lang='lat' dir='ltr'>saCium</span> <span class='ocrx_word' id='word_1_127' title='bbox 419 2130 609 2194; x_wconf 89' lang='lat' dir='ltr'>manifestum</span> <span class='ocrx_word' id='word_1_128' title='bbox 624 2131 674 2194; x_wconf 74' lang='lat' dir='ltr'>est</span> <span class='ocrx_word' id='word_1_129' title='bbox 705 2131 762 2195; x_wconf 90' lang='lat' dir='ltr'>Pes</span> <span class='ocrx_word' id='word_1_130' title='bbox 777 2153 901 2215; x_wconf 91' lang='lat' dir='ltr'>quoque</span> <span class='ocrx_word' id='word_1_131' title='bbox 917 2129 1049 2214; x_wconf 87' lang='lat' dir='ltr'>parvulae</span> <span class='ocrx_word' id='word_1_132' title='bbox 1071 2128 1182 2192; x_wconf 67' lang='lat' dir='ltr'>tabula*</span> <span class='ocrx_word' id='word_1_133' title='bbox 1196 2129 1226 2191; x_wconf 93' lang='lat' dir='ltr'>in</span> 
     </span>
     <span class='ocr_line' id='line_1_18' title="bbox 194 2217 1227 2303; baseline 0.002 -25"><span class='ocrx_word' id='word_1_134' title='bbox 194 2217 256 2279; x_wconf 92' lang='lat' dir='ltr'>hoc</span> <span class='ocrx_word' id='word_1_135' title='bbox 271 2218 407 2280; x_wconf 89' lang='lat' dir='ltr'>foramen</span> <span class='ocrx_word' id='word_1_136' title='bbox 424 2220 548 2284; x_wconf 90' lang='lat' dir='ltr'>insertus</span> <span class='ocrx_word' id='word_1_137' title='bbox 563 2221 621 2297; x_wconf 78' lang='lat' dir='ltr'>est3</span> <span class='ocrx_word' id='word_1_138' title='bbox 640 2220 727 2303; x_wconf 89' lang='lat' dir='ltr'>super</span> <span class='ocrx_word' id='word_1_139' title='bbox 741 2221 820 2282; x_wconf 88' lang='lat' dir='ltr'>banc</span> <span class='ocrx_word' id='word_1_140' title='bbox 834 2241 907 2283; x_wconf 90' lang='lat' dir='ltr'>vero</span> <span class='ocrx_word' id='word_1_141' title='bbox 923 2218 1068 2297; x_wconf 86' lang='lat' dir='ltr'>tabulam,</span> <span class='ocrx_word' id='word_1_142' title='bbox 1083 2235 1227 2300; x_wconf 88' lang='lat' dir='ltr'>tanquam</span> 
     </span>
     <span class='ocr_line' id='line_1_19' title="bbox 195 2303 1304 2396; baseline 0.001 -30"><span class='ocrx_word' id='word_1_143' title='bbox 195 2303 298 2370; x_wconf 85' lang='lat' dir='ltr'>stantis</span> <span class='ocrx_word' id='word_1_144' title='bbox 313 2307 457 2386; x_wconf 89' lang='lat' dir='ltr'>bominis,</span> <span class='ocrx_word' id='word_1_145' title='bbox 471 2307 559 2371; x_wconf 78' lang='lat' dir='ltr'>sacrae</span> <span class='ocrx_word' id='word_1_146' title='bbox 570 2311 668 2372; x_wconf 80' lang='lat' dir='ltr'>affixae</span> <span class='ocrx_word' id='word_1_147' title='bbox 682 2309 749 2372; x_wconf 90' lang='lat' dir='ltr'>sunt</span> <span class='ocrx_word' id='word_1_148' title='bbox 760 2308 880 2391; x_wconf 87' lang='lat' dir='ltr'>plantae.</span> <span class='ocrx_word' id='word_1_149' title='bbox 902 2345 942 2355; x_wconf 94' lang='lat'>-</span> <span class='ocrx_word' id='word_1_150' title='bbox 960 2305 1121 2396; x_wconf 70' lang='lat' dir='ltr'>Quaeritur</span> <span class='ocrx_word' id='word_1_151' title='bbox 1135 2308 1227 2368; x_wconf 84' lang='lat' dir='ltr'>ctiam</span> <span class='ocrx_word' id='word_1_152' title='bbox 1302 2325 1304 2332; x_wconf 72' lang='grc'>’</span> 
     </span>
     <span class='ocr_line' id='line_1_20' title="bbox 195 2393 1227 2480; baseline 0 -24"><span class='ocrx_word' id='word_1_153' title='bbox 195 2395 268 2477; x_wconf 90' lang='lat' dir='ltr'>quid</span> <span class='ocrx_word' id='word_1_154' title='bbox 291 2397 329 2458; x_wconf 88' lang='lat' dir='ltr'>de</span> <span class='ocrx_word' id='word_1_155' title='bbox 348 2396 395 2460; x_wconf 88' lang='lat' dir='ltr'>his</span> <span class='ocrx_word' id='word_1_156' title='bbox 415 2394 509 2461; x_wconf 89' lang='lat' dir='ltr'>clavis</span> <span class='ocrx_word' id='word_1_157' title='bbox 523 2397 612 2460; x_wconf 90' lang='lat' dir='ltr'>suerit</span> <span class='ocrx_word' id='word_1_158' title='bbox 627 2398 750 2460; x_wconf 73' lang='lat' dir='ltr'>sadlum.</span> <span class='ocrx_word' id='word_1_159' title='bbox 775 2397 851 2461; x_wconf 91' lang='lat' dir='ltr'>Duo</span> <span class='ocrx_word' id='word_1_160' title='bbox 866 2397 942 2475; x_wconf 82' lang='lat' dir='ltr'>sunt,</span> <span class='ocrx_word' id='word_1_161' title='bbox 956 2416 1034 2480; x_wconf 86' lang='lat' dir='ltr'>quos</span> <span class='ocrx_word' id='word_1_162' title='bbox 1049 2394 1135 2479; x_wconf 90' lang='lat' dir='ltr'>supra</span> <span class='ocrx_word' id='word_1_163' title='bbox 1148 2393 1227 2457; x_wconf 85' lang='lat' dir='ltr'>dixi·</span> 
     </span>
     <span class='ocr_line' id='line_1_21' title="bbox 195 2485 1226 2569; baseline 0.001 -25"><span class='ocrx_word' id='word_1_164' title='bbox 195 2503 273 2562; x_wconf 90' lang='lat' dir='ltr'>mus,</span> <span class='ocrx_word' id='word_1_165' title='bbox 293 2486 387 2566; x_wconf 85' lang='lat' dir='ltr'>aptati</span> <span class='ocrx_word' id='word_1_166' title='bbox 410 2486 440 2548; x_wconf 88' lang='lat' dir='ltr'>in</span> <span class='ocrx_word' id='word_1_167' title='bbox 456 2485 560 2563; x_wconf 80' lang='lat' dir='ltr'>fren03</span> <span class='ocrx_word' id='word_1_168' title='bbox 584 2489 690 2550; x_wconf 91' lang='lat' dir='ltr'>tertius</span> <span class='ocrx_word' id='word_1_169' title='bbox 711 2487 867 2569; x_wconf 71' lang='lat' dir='ltr'>proiectus</span> <span class='ocrx_word' id='word_1_170' title='bbox 887 2487 917 2548; x_wconf 92' lang='lat' dir='ltr'>in</span> <span class='ocrx_word' id='word_1_171' title='bbox 933 2486 1045 2548; x_wconf 88' lang='lat' dir='ltr'>fretum</span> <span class='ocrx_word' id='word_1_172' title='bbox 1052 2512 1061 2561; x_wconf 78' lang='lat'>3</span> <span class='ocrx_word' id='word_1_173' title='bbox 1085 2499 1226 2568; x_wconf 86' lang='lat' dir='ltr'>quartum</span> 
     </span>
     <span class='ocr_line' id='line_1_22' title="bbox 195 2567 1227 2658; baseline 0.001 -26"><span class='ocrx_word' id='word_1_174' title='bbox 195 2567 326 2635; x_wconf 83' lang='lat' dir='ltr'>asserunt</span> <span class='ocrx_word' id='word_1_175' title='bbox 339 2569 398 2635; x_wconf 82' lang='lat' dir='ltr'>else</span> <span class='ocrx_word' id='word_1_176' title='bbox 412 2571 546 2636; x_wconf 88' lang='lat' dir='ltr'>defixum</span> <span class='ocrx_word' id='word_1_177' title='bbox 561 2576 592 2637; x_wconf 93' lang='lat' dir='ltr'>in</span> <span class='ocrx_word' id='word_1_178' title='bbox 607 2576 707 2658; x_wconf 88' lang='lat' dir='ltr'>capite</span> <span class='ocrx_word' id='word_1_179' title='bbox 721 2575 825 2639; x_wconf 82' lang='lat' dir='ltr'>statuae</span> <span class='ocrx_word' id='word_1_180' title='bbox 840 2572 1044 2652; x_wconf 78' lang='lat' dir='ltr'>Constantini,</span> <span class='ocrx_word' id='word_1_181' title='bbox 1064 2593 1133 2656; x_wconf 85' lang='lat' dir='ltr'>quae</span> <span class='ocrx_word' id='word_1_182' title='bbox 1151 2572 1227 2634; x_wconf 90' lang='lat' dir='ltr'>civi·</span> 
     </span>
     <span class='ocr_line' id='line_1_23' title="bbox 194 2659 1227 2745; baseline -0.002 -21"><span class='ocrx_word' id='word_1_183' title='bbox 194 2675 267 2739; x_wconf 85' lang='lat' dir='ltr'>tate,</span> <span class='ocrx_word' id='word_1_184' title='bbox 287 2677 321 2724; x_wconf 93' lang='lat' dir='ltr'>ut</span> <span class='ocrx_word' id='word_1_185' title='bbox 334 2662 429 2740; x_wconf 85' lang='lat' dir='ltr'>aiunt,</span> <span class='ocrx_word' id='word_1_186' title='bbox 453 2677 518 2724; x_wconf 86' lang='lat' dir='ltr'>tota</span> <span class='ocrx_word' id='word_1_187' title='bbox 542 2660 689 2726; x_wconf 76' lang='lat' dir='ltr'>excelsior</span> <span class='ocrx_word' id='word_1_188' title='bbox 709 2660 768 2725; x_wconf 80' lang='lat' dir='ltr'>else</span> <span class='ocrx_word' id='word_1_189' title='bbox 788 2663 953 2745; x_wconf 85' lang='lat' dir='ltr'>suscipitur,</span> <span class='ocrx_word' id='word_1_190' title='bbox 977 2659 1090 2724; x_wconf 90' lang='lat' dir='ltr'>scilicet</span> <span class='ocrx_word' id='word_1_191' title='bbox 1115 2675 1149 2722; x_wconf 89' lang='lat' dir='ltr'>ut</span> <span class='ocrx_word' id='word_1_192' title='bbox 1163 2675 1227 2722; x_wconf 88' lang='lat' dir='ltr'>tota</span> 
     </span>
     <span class='ocr_line' id='line_1_24' title="bbox 193 2750 1227 2834; baseline 0 -23"><span class='ocrx_word' id='word_1_193' title='bbox 193 2750 243 2811; x_wconf 92' lang='lat' dir='ltr'>cui</span> <span class='ocrx_word' id='word_1_194' title='bbox 259 2751 383 2829; x_wconf 86' lang='lat' dir='ltr'>eminet,</span> <span class='ocrx_word' id='word_1_195' title='bbox 398 2752 569 2813; x_wconf 89' lang='lat' dir='ltr'>munitione</span> <span class='ocrx_word' id='word_1_196' title='bbox 593 2750 693 2814; x_wconf 87' lang='lat' dir='ltr'>salutis</span> <span class='ocrx_word' id='word_1_197' title='bbox 716 2753 850 2834; x_wconf 89' lang='lat' dir='ltr'>quodam</span> <span class='ocrx_word' id='word_1_198' title='bbox 864 2751 959 2813; x_wconf 91' lang='lat' dir='ltr'>modo</span> <span class='ocrx_word' id='word_1_199' title='bbox 976 2750 1062 2833; x_wconf 80' lang='lat' dir='ltr'>galea</span> <span class='ocrx_word' id='word_1_200' title='bbox 1081 2765 1227 2811; x_wconf 89' lang='lat' dir='ltr'>coronata</span> 
     </span>
     <span class='ocr_line' id='line_1_25' title="bbox 193 2835 1226 2922; baseline -0.004 -21"><span class='ocrx_word' id='word_1_201' title='bbox 193 2835 275 2901; x_wconf 74' lang='lat' dir='ltr'>esset.</span> <span class='ocrx_word' id='word_1_202' title='bbox 297 2838 447 2922; x_wconf 84' lang='lat' dir='ltr'>Magnam</span> <span class='ocrx_word' id='word_1_203' title='bbox 463 2839 591 2904; x_wconf 84' lang='lat' dir='ltr'>asserunt</span> <span class='ocrx_word' id='word_1_204' title='bbox 606 2840 748 2903; x_wconf 92' lang='lat' dir='ltr'>virtutem</span> <span class='ocrx_word' id='word_1_205' title='bbox 769 2838 827 2902; x_wconf 79' lang='lat' dir='ltr'>esl&#39;e</span> <span class='ocrx_word' id='word_1_206' title='bbox 842 2841 931 2902; x_wconf 89' lang='lat' dir='ltr'>huius</span> <span class='ocrx_word' id='word_1_207' title='bbox 946 2839 1037 2902; x_wconf 78' lang='lat' dir='ltr'>scens:</span> <span class='ocrx_word' id='word_1_208' title='bbox 1062 2839 1144 2920; x_wconf 92' lang='lat' dir='ltr'>quod</span> <span class='ocrx_word' id='word_1_209' title='bbox 1161 2857 1226 2898; x_wconf 86' lang='lat' dir='ltr'>am-</span> 
     </span>
     <span class='ocr_line' id='line_1_26' title="bbox 193 2925 1226 3013; baseline -0.003 -23"><span class='ocrx_word' id='word_1_210' title='bbox 193 2927 255 3010; x_wconf 85' lang='lat' dir='ltr'>bigi</span> <span class='ocrx_word' id='word_1_211' title='bbox 284 2948 478 3012; x_wconf 83' lang='lat' dir='ltr'>nequaquam</span> <span class='ocrx_word' id='word_1_212' title='bbox 503 2927 610 3011; x_wconf 77' lang='lat' dir='ltr'>potest,</span> <span class='ocrx_word' id='word_1_213' title='bbox 640 2929 722 3013; x_wconf 92' lang='lat' dir='ltr'>quod</span> <span class='ocrx_word' id='word_1_214' title='bbox 748 2926 879 2991; x_wconf 83' lang='lat' dir='ltr'>Iustinus</span> <span class='ocrx_word' id='word_1_215' title='bbox 909 2930 1075 3010; x_wconf 90' lang='lat' dir='ltr'>imperator</span> <span class='ocrx_word' id='word_1_216' title='bbox 1103 2925 1226 3008; x_wconf 90' lang='lat' dir='ltr'>publice</span> 
     </span>
     <span class='ocr_line' id='line_1_27' title="bbox 193 3014 1226 3100; baseline -0.002 -23"><span class='ocrx_word' id='word_1_217' title='bbox 193 3031 336 3099; x_wconf 88' lang='lat' dir='ltr'>expertus</span> <span class='ocrx_word' id='word_1_218' title='bbox 358 3015 401 3077; x_wconf 89' lang='lat' dir='ltr'>est</span> <span class='ocrx_word' id='word_1_219' title='bbox 421 3037 456 3078; x_wconf 90' lang='lat' dir='ltr'>ac</span> <span class='ocrx_word' id='word_1_220' title='bbox 471 3015 528 3079; x_wconf 89' lang='lat' dir='ltr'>suis</span> <span class='ocrx_word' id='word_1_221' title='bbox 544 3018 687 3080; x_wconf 89' lang='lat' dir='ltr'>omnibus</span> <span class='ocrx_word' id='word_1_222' title='bbox 702 3018 854 3100; x_wconf 87' lang='lat' dir='ltr'>patefecit.</span> <span class='ocrx_word' id='word_1_223' title='bbox 877 3014 985 3079; x_wconf 89' lang='lat' dir='ltr'>Illusus</span> <span class='ocrx_word' id='word_1_224' title='bbox 1006 3016 1089 3078; x_wconf 89' lang='lat' dir='ltr'>enim</span> <span class='ocrx_word' id='word_1_225' title='bbox 1111 3035 1128 3076; x_wconf 90' lang='lat' dir='ltr'>a</span> <span class='ocrx_word' id='word_1_226' title='bbox 1147 3035 1226 3098; x_wconf 91' lang='lat' dir='ltr'>quo-</span> 
     </span>
     <span class='ocr_line' id='line_1_28' title="bbox 192 3101 1224 3189; baseline 0.001 -24"><span class='ocrx_word' id='word_1_227' title='bbox 192 3104 264 3165; x_wconf 90' lang='lat' dir='ltr'>dam</span> <span class='ocrx_word' id='word_1_228' title='bbox 285 3124 374 3187; x_wconf 86' lang='lat' dir='ltr'>mago</span> <span class='ocrx_word' id='word_1_229' title='bbox 398 3121 522 3188; x_wconf 88' lang='lat' dir='ltr'>propter</span> <span class='ocrx_word' id='word_1_230' title='bbox 543 3107 706 3188; x_wconf 88' lang='lat' dir='ltr'>pecuniam</span> <span class='ocrx_word' id='word_1_231' title='bbox 727 3102 873 3184; x_wconf 83' lang='lat' dir='ltr'>amissam,</span> <span class='ocrx_word' id='word_1_232' title='bbox 906 3126 974 3189; x_wconf 86' lang='lat' dir='ltr'>quae</span> <span class='ocrx_word' id='word_1_233' title='bbox 999 3101 1052 3166; x_wconf 83' lang='lat' dir='ltr'>fibi</span> <span class='ocrx_word' id='word_1_234' title='bbox 1075 3103 1224 3166; x_wconf 83' lang='lat' dir='ltr'>daemonis</span> 
     </span>
     <span class='ocr_line' id='line_1_29' title="bbox 193 3189 1225 3277; baseline -0.001 -22"><span class='ocrx_word' id='word_1_235' title='bbox 193 3192 302 3255; x_wconf 88' lang='lat' dir='ltr'>umbra</span> <span class='ocrx_word' id='word_1_236' title='bbox 322 3193 526 3257; x_wconf 84' lang='lat' dir='ltr'>intolerabiles</span> <span class='ocrx_word' id='word_1_237' title='bbox 542 3215 597 3277; x_wconf 88' lang='lat' dir='ltr'>per</span> <span class='ocrx_word' id='word_1_238' title='bbox 611 3194 740 3256; x_wconf 90' lang='lat' dir='ltr'>duarum</span> <span class='ocrx_word' id='word_1_239' title='bbox 758 3194 908 3257; x_wconf 86' lang='lat' dir='ltr'>curricula</span> <span class='ocrx_word' id='word_1_240' title='bbox 928 3191 1066 3257; x_wconf 75' lang='lat' dir='ltr'>noctium</span> <span class='ocrx_word' id='word_1_241' title='bbox 1081 3189 1225 3255; x_wconf 87' lang='lat' dir='ltr'>intulisset</span> 
     </span>
     <span class='ocr_line' id='line_1_30' title="bbox 193 3277 1225 3362; baseline -0.002 -20"><span class='ocrx_word' id='word_1_242' title='bbox 193 3280 339 3343; x_wconf 90' lang='lat' dir='ltr'>indicavit</span> <span class='ocrx_word' id='word_1_243' title='bbox 359 3281 486 3360; x_wconf 79' lang='lat' dir='ltr'>insidias,</span> <span class='ocrx_word' id='word_1_244' title='bbox 509 3283 555 3344; x_wconf 88' lang='lat' dir='ltr'>sed</span> <span class='ocrx_word' id='word_1_245' title='bbox 581 3303 653 3344; x_wconf 92' lang='lat' dir='ltr'>cum</span> <span class='ocrx_word' id='word_1_246' title='bbox 669 3283 756 3346; x_wconf 91' lang='lat' dir='ltr'>tertia</span> <span class='ocrx_word' id='word_1_247' title='bbox 770 3282 863 3344; x_wconf 74' lang='lat' dir='ltr'>nodie</span> <span class='ocrx_word' id='word_1_248' title='bbox 877 3283 998 3344; x_wconf 89' lang='lat' dir='ltr'>frenum</span> <span class='ocrx_word' id='word_1_249' title='bbox 1018 3281 1111 3362; x_wconf 91' lang='lat' dir='ltr'>capiti</span> <span class='ocrx_word' id='word_1_250' title='bbox 1126 3277 1225 3342; x_wconf 93' lang='lat' dir='ltr'>collo-</span> 
     </span>
     <span class='ocr_line' id='line_1_31' title="bbox 192 3365 1225 3452; baseline 0 -22"><span class='ocrx_word' id='word_1_251' title='bbox 192 3365 292 3448; x_wconf 84' lang='lat' dir='ltr'>callet,</span> <span class='ocrx_word' id='word_1_252' title='bbox 306 3368 411 3432; x_wconf 90' lang='lat' dir='ltr'>locum</span> <span class='ocrx_word' id='word_1_253' title='bbox 425 3368 583 3432; x_wconf 78' lang='lat' dir='ltr'>insidiandi</span> <span class='ocrx_word' id='word_1_254' title='bbox 600 3371 742 3434; x_wconf 88' lang='lat' dir='ltr'>inimicus</span> <span class='ocrx_word' id='word_1_255' title='bbox 757 3370 837 3434; x_wconf 88' lang='lat' dir='ltr'>ultra</span> <span class='ocrx_word' id='word_1_256' title='bbox 851 3393 913 3434; x_wconf 91' lang='lat' dir='ltr'>non</span> <span class='ocrx_word' id='word_1_257' title='bbox 927 3369 1043 3448; x_wconf 85' lang='lat' dir='ltr'>habuit,</span> <span class='ocrx_word' id='word_1_258' title='bbox 1055 3386 1225 3452; x_wconf 87' lang='lat' dir='ltr'>repertum-</span> 
     </span>
     <span class='ocr_line' id='line_1_32' title="bbox 192 3457 1090 3542; baseline -0.002 -24"><span class='ocrx_word' id='word_1_259' title='bbox 192 3479 252 3539; x_wconf 90' lang='lat' dir='ltr'>que</span> <span class='ocrx_word' id='word_1_260' title='bbox 266 3458 422 3520; x_wconf 71' lang='lat' dir='ltr'>audiorem</span> <span class='ocrx_word' id='word_1_261' title='bbox 437 3457 611 3522; x_wconf 77' lang='lat' dir='ltr'>insidiarum</span> <span class='ocrx_word' id='word_1_262' title='bbox 624 3460 726 3542; x_wconf 84' lang='lat' dir='ltr'>gladio</span> <span class='ocrx_word' id='word_1_263' title='bbox 742 3459 871 3542; x_wconf 90' lang='lat' dir='ltr'>perculit</span> <span class='ocrx_word' id='word_1_264' title='bbox 884 3505 1052 3522; x_wconf 89' lang='grc'><strong>........</strong></span> <span class='ocrx_word' id='word_1_265' title='bbox 1077 3485 1090 3516; x_wconf 73' lang='lat' dir='ltr'>s</span> 
     </span>
    </p>
   </div>
   <div class='ocr_carea' id='block_1_5' title="bbox 193 3594 1225 3746">
    <p class='ocr_par' dir='ltr' id='par_1_5' title="bbox 193 3594 1225 3746">
     <span class='ocr_line' id='line_1_33' title="bbox 263 3594 1225 3745; baseline -0.001 -99"><span class='ocrx_word' id='word_1_266' title='bbox 263 3595 482 3745; x_wconf 64' lang='lat' dir='ltr'>[Greq.]Turon.,</span> <span class='ocrx_word' id='word_1_267' title='bbox 495 3597 532 3648; x_wconf 78' lang='lat' dir='ltr'>De</span> <span class='ocrx_word' id='word_1_268' title='bbox 545 3595 631 3665; x_wconf 84' lang='lat' dir='ltr'>gloria</span> <span class='ocrx_word' id='word_1_269' title='bbox 645 3607 791 3663; x_wconf 79' lang='lat' dir='ltr'>martyrum,</span> <span class='ocrx_word' id='word_1_270' title='bbox 803 3595 819 3649; x_wconf 91' lang='lat' dir='ltr'>l.</span> <span class='ocrx_word' id='word_1_271' title='bbox 834 3597 854 3660; x_wconf 89' lang='lat'>1,</span> <span class='ocrx_word' id='word_1_272' title='bbox 867 3613 889 3649; x_wconf 85' lang='lat' dir='ltr'>c.</span> <span class='ocrx_word' id='word_1_273' title='bbox 905 3614 917 3662; x_wconf 84' lang='lat'>5</span> <span class='ocrx_word' id='word_1_274' title='bbox 932 3597 956 3647; x_wconf 73' lang='lat' dir='ltr'>a</span> <span class='ocrx_word' id='word_1_275' title='bbox 970 3601 985 3647; x_wconf 85' lang='grc'><strong>6</strong></span> <span class='ocrx_word' id='word_1_276' title='bbox 1004 3594 1058 3664; x_wconf 85' lang='lat' dir='ltr'>(ed.</span> <span class='ocrx_word' id='word_1_277' title='bbox 1075 3594 1190 3659; x_wconf 86' lang='lat' dir='ltr'>Bordier,</span> <span class='ocrx_word' id='word_1_278' title='bbox 1204 3595 1225 3658; x_wconf 90' lang='lat'>1,</span> 
     </span>
     <span class='ocr_line' id='line_1_34' title="bbox 193 3693 352 3746; baseline 0 -20"><span class='ocrx_word' id='word_1_279' title='bbox 193 3693 236 3746; x_wconf 83' lang='lat' dir='ltr'>pp.</span> <span class='ocrx_word' id='word_1_280' title='bbox 254 3693 330 3740; x_wconf 80' lang='lat'>12-19</span> <span class='ocrx_word' id='word_1_281' title='bbox 347 3714 352 3726; x_wconf 94' lang='lat'><em>.</em></span> 
     </span>
    </p>
   </div>
   <div class='ocr_carea' id='block_1_6' title="bbox 191 3811 1224 4431">
    <p class='ocr_par' dir='ltr' id='par_1_6' title="bbox 191 3811 1224 4431">
     <span class='ocr_line' id='line_1_35' title="bbox 234 3811 1224 3900; baseline 0.004 -29"><span class='ocrx_word' id='word_1_282' title='bbox 234 3837 246 3871; x_wconf 81' lang='lat' dir='ltr'>t</span> <span class='ocrx_word' id='word_1_283' title='bbox 265 3811 439 3900; x_wconf 77' lang='lat' dir='ltr'>Quomodo</span> <span class='ocrx_word' id='word_1_284' title='bbox 455 3815 578 3877; x_wconf 86' lang='lat' dir='ltr'>inventa</span> <span class='ocrx_word' id='word_1_285' title='bbox 599 3815 655 3877; x_wconf 89' lang='lat' dir='ltr'>fuit</span> <span class='ocrx_word' id='word_1_286' title='bbox 675 3813 774 3878; x_wconf 74' lang='lat' dir='ltr'>sancta</span> <span class='ocrx_word' id='word_1_287' title='bbox 788 3837 863 3878; x_wconf 89' lang='lat' dir='ltr'>crux</span> <span class='ocrx_word' id='word_1_288' title='bbox 885 3815 958 3878; x_wconf 89' lang='lat' dir='ltr'>scire</span> <span class='ocrx_word' id='word_1_289' title='bbox 973 3815 1129 3877; x_wconf 88' lang='lat' dir='ltr'>debemus.</span> <span class='ocrx_word' id='word_1_290' title='bbox 1152 3811 1224 3876; x_wconf 88' lang='lat' dir='ltr'>Fuit</span> 
     </span>
     <span class='ocr_line' id='line_1_36' title="bbox 192 3901 1222 3987; baseline 0 -24"><span class='ocrx_word' id='word_1_291' title='bbox 192 3903 223 3963; x_wconf 92' lang='lat' dir='ltr'>in</span> <span class='ocrx_word' id='word_1_292' title='bbox 237 3918 376 3986; x_wconf 88' lang='lat' dir='ltr'>tempore</span> <span class='ocrx_word' id='word_1_293' title='bbox 388 3901 581 3967; x_wconf 86' lang='lat' dir='ltr'>Constantini</span> <span class='ocrx_word' id='word_1_294' title='bbox 597 3903 722 3987; x_wconf 88' lang='lat' dir='ltr'>quidam</span> <span class='ocrx_word' id='word_1_295' title='bbox 737 3902 867 3986; x_wconf 90' lang='lat' dir='ltr'>serpens,</span> <span class='ocrx_word' id='word_1_296' title='bbox 881 3904 934 3986; x_wconf 90' lang='lat' dir='ltr'>qui</span> <span class='ocrx_word' id='word_1_297' title='bbox 946 3903 1128 3966; x_wconf 86' lang='lat' dir='ltr'>comedebat</span> <span class='ocrx_word' id='word_1_298' title='bbox 1143 3901 1222 3964; x_wconf 90' lang='lat' dir='ltr'>mul-</span> 
     </span>
     <span class='ocr_line' id='line_1_37' title="bbox 191 3989 1224 4076; baseline 0 -24"><span class='ocrx_word' id='word_1_299' title='bbox 191 4005 239 4053; x_wconf 90' lang='lat' dir='ltr'>tos</span> <span class='ocrx_word' id='word_1_300' title='bbox 258 3991 397 4054; x_wconf 88' lang='lat' dir='ltr'>homines</span> <span class='ocrx_word' id='word_1_301' title='bbox 418 3991 630 4056; x_wconf 86' lang='lat' dir='ltr'>Romanorum</span> <span class='ocrx_word' id='word_1_302' title='bbox 654 3991 823 4056; x_wconf 84' lang='lat' dir='ltr'>&amp;bestias2</span> <span class='ocrx_word' id='word_1_303' title='bbox 848 3994 930 4055; x_wconf 90' lang='lat' dir='ltr'>venit</span> <span class='ocrx_word' id='word_1_304' title='bbox 953 3995 1054 4076; x_wconf 87' lang='lat' dir='ltr'>itaque</span> <span class='ocrx_word' id='word_1_305' title='bbox 1072 3989 1224 4054; x_wconf 85' lang='lat' dir='ltr'>Constan-</span> 
     </span>
     <span class='ocr_line' id='line_1_38' title="bbox 192 4079 1223 4164; baseline -0.001 -22"><span class='ocrx_word' id='word_1_306' title='bbox 192 4079 282 4157; x_wconf 86' lang='lat' dir='ltr'>tinus,</span> <span class='ocrx_word' id='word_1_307' title='bbox 302 4079 333 4141; x_wconf 78' lang='lat' dir='ltr'>dt</span> <span class='ocrx_word' id='word_1_308' title='bbox 352 4081 467 4142; x_wconf 92' lang='lat' dir='ltr'>occidit</span> <span class='ocrx_word' id='word_1_309' title='bbox 481 4079 659 4164; x_wconf 87' lang='lat' dir='ltr'>serpentem,</span> <span class='ocrx_word' id='word_1_310' title='bbox 678 4080 707 4143; x_wconf 74' lang='grc' dir='ltr'>δι</span> <span class='ocrx_word' id='word_1_311' title='bbox 722 4083 760 4143; x_wconf 87' lang='lat' dir='ltr'>de</span> <span class='ocrx_word' id='word_1_312' title='bbox 774 4103 894 4144; x_wconf 91' lang='lat' dir='ltr'>veneno</span> <span class='ocrx_word' id='word_1_313' title='bbox 909 4081 1055 4164; x_wconf 88' lang='lat' dir='ltr'>serpentis</span> <span class='ocrx_word' id='word_1_314' title='bbox 1070 4079 1166 4142; x_wconf 70' lang='lat' dir='ltr'>faesus</span> <span class='ocrx_word' id='word_1_315' title='bbox 1181 4079 1223 4141; x_wconf 91' lang='lat' dir='ltr'>est</span> 
     </span>
     <span class='ocr_line' id='line_1_39' title="bbox 191 4167 1222 4254; baseline 0 -24"><span class='ocrx_word' id='word_1_316' title='bbox 191 4167 333 4250; x_wconf 87' lang='lat' dir='ltr'>leprosus.</span> <span class='ocrx_word' id='word_1_317' title='bbox 346 4167 397 4231; x_wconf 90' lang='lat' dir='ltr'>Sui</span> <span class='ocrx_word' id='word_1_318' title='bbox 408 4169 549 4232; x_wconf 90' lang='lat' dir='ltr'>homines</span> <span class='ocrx_word' id='word_1_319' title='bbox 559 4186 722 4252; x_wconf 77' lang='lat' dir='ltr'>coeperunt</span> <span class='ocrx_word' id='word_1_320' title='bbox 732 4191 867 4254; x_wconf 83' lang='lat' dir='ltr'>quaerere</span> <span class='ocrx_word' id='word_1_321' title='bbox 880 4171 1016 4233; x_wconf 87' lang='lat' dir='ltr'>medicos</span> <span class='ocrx_word' id='word_1_322' title='bbox 1024 4169 1076 4252; x_wconf 91' lang='lat' dir='ltr'>qui</span> <span class='ocrx_word' id='word_1_323' title='bbox 1086 4167 1222 4230; x_wconf 87' lang='lat' dir='ltr'>sanarent</span> 
     </span>
     <span class='ocr_line' id='line_1_40' title="bbox 191 4255 1220 4342; baseline -0.001 -24"><span class='ocrx_word' id='word_1_324' title='bbox 191 4277 271 4318; x_wconf 87' lang='lat' dir='ltr'>eum.</span> <span class='ocrx_word' id='word_1_325' title='bbox 294 4257 344 4318; x_wconf 90' lang='lat' dir='ltr'>Ad</span> <span class='ocrx_word' id='word_1_326' title='bbox 367 4257 510 4319; x_wconf 89' lang='lat' dir='ltr'>ultimum</span> <span class='ocrx_word' id='word_1_327' title='bbox 525 4260 609 4320; x_wconf 88' lang='lat' dir='ltr'>venit</span> <span class='ocrx_word' id='word_1_328' title='bbox 623 4259 746 4340; x_wconf 88' lang='lat' dir='ltr'>quidam</span> <span class='ocrx_word' id='word_1_329' title='bbox 762 4260 909 4339; x_wconf 86' lang='lat' dir='ltr'>medicus,</span> <span class='ocrx_word' id='word_1_330' title='bbox 930 4259 982 4342; x_wconf 92' lang='lat' dir='ltr'>qui</span> <span class='ocrx_word' id='word_1_331' title='bbox 1006 4258 1084 4319; x_wconf 84' lang='lat' dir='ltr'>dixit</span> <span class='ocrx_word' id='word_1_332' title='bbox 1105 4255 1134 4318; x_wconf 90' lang='lat' dir='ltr'>se</span> <span class='ocrx_word' id='word_1_333' title='bbox 1151 4277 1220 4318; x_wconf 90' lang='lat' dir='ltr'>eum</span> 
     </span>
     <span class='ocr_line' id='line_1_41' title="bbox 192 4343 1222 4431; baseline 0.002 -25"><span class='ocrx_word' id='word_1_334' title='bbox 192 4343 302 4426; x_wconf 86' lang='lat' dir='ltr'>sanare,</span> <span class='ocrx_word' id='word_1_335' title='bbox 324 4346 404 4408; x_wconf 88' lang='lat' dir='ltr'>unde</span> <span class='ocrx_word' id='word_1_336' title='bbox 428 4347 487 4409; x_wconf 90' lang='lat' dir='ltr'>suit</span> <span class='ocrx_word' id='word_1_337' title='bbox 501 4367 645 4431; x_wconf 87' lang='lat' dir='ltr'>magnum</span> <span class='ocrx_word' id='word_1_338' title='bbox 658 4347 804 4430; x_wconf 86' lang='lat' dir='ltr'>gaudium</span> <span class='ocrx_word' id='word_1_339' title='bbox 826 4349 905 4411; x_wconf 87' lang='lat' dir='ltr'>inter</span> <span class='ocrx_word' id='word_1_340' title='bbox 926 4347 1093 4411; x_wconf 78' lang='lat' dir='ltr'>Romanos.</span> <span class='ocrx_word' id='word_1_341' title='bbox 1117 4343 1222 4408; x_wconf 87' lang='lat' dir='ltr'>Dixit·</span> 
     </span>
    </p>
   </div>
   <div class='ocr_carea' id='block_1_7' title="bbox 0 0 1722 5704">
    <p class='ocr_par' dir='ltr' id='par_1_7' title="bbox 0 0 1722 5704">
     <span class='ocr_line' id='line_1_42' title="bbox 0 0 1722 5704; baseline 0 2"><span class='ocrx_word' id='word_1_342' title='bbox 0 0 1722 5704; x_wconf 95' lang='lat' dir='ltr'> </span> 
     </span>
    </p>
   </div>
  </div>
 </body>
</html>
