3390 5720
472 1155 859 1278 annotantur

203 1555 206 1560 ,
282 1413 386 1542 DE
438 1410 1080 1546 HIEROSOLYMA

288 2096 290 2100 ¹
314 2109 428 2198 Incipit
445 2108 622 2192 breviarios,
642 2111 788 2198 quomodo
804 2108 1017 2202 Hierosolymo

554 2245 717 2333 conflrudla
730 2247 778 2335 cll.

203 2473 375 2581 &⁹ss
390 2489 405 2519 ⁴
419 2472 492 2544 PSA
517 2474 629 2546 civitas
656 2478 690 2546 in
717 2497 833 2546 monte
860 2472 974 2572 posita

166 2628 170 2645 κ.
202 2534 272 2663 {sil
305 2576 398 2671 ’ἦ
468 2584 502 2650 ln
520 2579 631 2652 medio
647 2583 783 2655 civitatis
796 2581 971 2678 estbafilt'ca
990 2584 1184 2676 Constantini.
1213 2620 1388 2670 munem.

323 2772 349 2791 m
420 2691 454 2758 ln
464 2688 598 2760 introitu
609 2685 839 2786 basiliceipsrus
849 2686 891 2760 ad
899 2685 1186 2788 linistranrpartem
1260 2682 1349 2733 “llll

164 2800 171 2879 s
182 2819 197 2897 s
215 2792 234 2823 ³*
251 2846 256 2851 .
320 2844 323 2847 -
376 2828 401 2895 “5
420 2795 465 2864 est
481 2792 681 2889 cubiculum,
696 2793 751 2868 ubi
763 2820 841 2868 crux
856 2797 995 2867 Domini
1012 2794 1116 2895 posita
1132 2797 1185 2869 est.

164 2899 180 2939 Γ
277 2926 285 2933 ·‘
296 2930 312 2949 ·
328 2912 409 2963 222³
419 2901 454 2974 lit
465 2899 544 2974 inde
561 2903 712 2974 intranti‘*
737 2905 771 2974 in
788 2899 955 2975 ecclefiam
976 2903 1078 2976 sanni
1094 2905 1187 2978 Con·

148 3011 283 3084 stantini
300 3035 425 3111 magna
442 3006 483 3080 ab
505 3008 680 3082 occidente
697 3009 742 3083 est
759 3008 878 3101 abfida,
898 3008 953 3082 ubi
969 3013 1102 3086 invente
1115 3013 1189 3087 lunt

150 3144 217 3190 tres
234 3145 355 3192 cruces.
381 3116 429 3188 15st
453 3112 499 3187 ibi
524 3114 660 3213 desuper
687 3117 787 3189 altare
814 3115 855 3188 de
882 3142 1019 3217 argento
1045 3121 1081 3190 δι
1106 3147 1187 3192 auro
1216 3151 1365 3198 annerum.

151 3253 251 3324 puro,
274 3231 308 3300 δι
324 3249 448 3299 novem
467 3221 634 3313 columne,
660 3249 724 3320 que
746 3225 899 3296 sustinent
918 3223 998 3296 illud
1020 3227 1128 3300 altare.
1154 3227 1189 3300 lit

149 3333 224 3430 ipsa
244 3331 353 3404 absida
381 3333 416 3402 in
438 3331 571 3402 circuitu
605 3328 785 3404 duodecim
809 3332 965 3404 columne
994 3357 1188 3426 marmoree,

150 3443 294 3512 omnino
315 3437 503 3514 incredibile
517 3437 613 3536 super
626 3439 709 3536 ipsas
723 3439 894 3511 columnas
908 3438 1022 3532 hydrie
1035 3465 1189 3540 argentee

150 3545 342 3621 duodecim.
370 3547 405 3618 lit
430 3547 475 3619 est
492 3548 526 3617 in
552 3544 665 3618 medio
691 3547 827 3618 civitatis
845 3543 973 3618 basilica
988 3547 1054 3640 illa,
1073 3547 1128 3621 ubi
1145 3547 1189 3620 est

152 3655 267 3747 lancea,
284 3652 371 3726 unde
384 3651 550 3752 percuffus
569 3652 613 3724 est
629 3655 807 3744 Dominus,
826 3656 861 3725 ἃ
885 3651 927 3725 de
951 3655 1020 3752 ipsa
1043 3656 1129 3728 fadla
1146 3657 1190 3728 est
1218 3687 1314 3734 Lm.

152 3760 265 3851 (ττιυῑ,ό
278 3763 315 3832 &
328 3762 415 3834 lucet
433 3763 468 3831 in
492 3764 602 3852 notre,
620 3758 697 3832 licut
714 3761 763 3832 sol
780 3761 813 3832 in
830 3761 947 3834 virtute
970 3761 1042 3834 diei.

204 3868 239 3940 Et
251 3868 329 3941 inde
340 3871 459 3941 intras‘
474 3869 510 3938 in
530 3871 697 3964 Golgorlru.
725 3867 772 3938 Est
784 3865 829 3939 ibi
849 3870 966 3940 atrium
978 3869 1115 3966 grande,
1135 3871 1190 3944 ubi
1219 3893 1345 3957 Gorgona.

153 3976 326 4050 crucifixus
343 3977 388 4049 est
404 3976 581 4046 Dominus.
609 3979 643 4046 ln
661 3977 804 4068 circuitu,
823 3978 857 4046 in
875 3978 946 4074 ipso
967 4003 1093 4071 monte,
1119 3979 1191 4050 sunt

154 4082 315 4156 cancellid
329 4085 487 4182 argentei,
509 4086 544 4155 ἃ
566 4085 600 4153 in
617 4083 688 4180 ipso
708 4107 822 4154 monte
839 4110 944 4182 genus
962 4083 1051 4156 lilicis
1073 4085 1189 4158 admo·

154 4209 270 4264 ratur!
297 4188 408 4263 Habet
425 4190 544 4262 ollium
562 4189 781 4288 argenteum,f
802 4190 858 4264 ubi
884 4193 944 4263 fuit
961 4221 1031 4264 crux
1048 4194 1189 4264 Domini
1218 4213 1280 4260 em
1290 4211 1393 4274 expone

190 4433 217 4466 a.
233 4411 284 4464 Ms.
297 4411 400 4464 intrans.
417 4440 449 4452 -
468 4413 491 4464 b.
508 4411 558 4466 Ms.
573 4411 622 4464 lux
705 4412 773 4467 celle.
796 4443 828 4455 -
852 4431 872 4465 e.
897 4415 967 4466 Foru
986 4413 1131 4466 advertitur.
1156 4441 1189 4452 -

189 4509 211 4544 c.
231 4491 282 4544 Ms.
296 4492 399 4545 intrans.
421 4521 454 4532 -
473 4495 498 4546 d.
511 4492 561 4545 Ms.
582 4509 642 4546 cnu-
698 4492 726 4560 s.
744 4493 794 4546 Ml.
809 4493 868 4546 ostia
883 4505 1011 4582 argentea.
