3354 5706
517 540 580 634 148
928 554 1123 609 Ancuurus

509 776 613 848 menti
637 797 765 872 partem
791 803 809 846 e
835 778 970 875 regione
1001 776 1239 874 respicientem,
1264 773 1461 870 culmenque
1490 769 1562 842 de·
1671 809 1672 858 r

509 884 605 981 super
621 882 744 954 humile
762 884 909 954 eminens
927 881 1152 954 fabrefacium.
1171 889 1204 955 sn
1223 906 1293 979 quo
1311 881 1423 976 urique
1439 881 1563 977 sepul·

509 1015 567 1061 cro
600 987 756 1062 duodene
790 986 971 1086 lampades,
1007 991 1096 1061 iuxta
1130 1003 1327 1061 numerum⁴
1364 985 1563 1059 duodecim

508 1097 747 1194 apostolorum,
773 1096 900 1193 semper
923 1094 977 1168 die
1006 1121 1046 1168 ac
1072 1101 1171 1168 nodie
1192 1094 1344 1168 ardentes
1359 1094 1487 1186 lucent,
1514 1119 1562 1166 ex

509 1201 627 1301 quibus
650 1227 792 1299 quatuor
811 1205 846 1274 in
864 1205 935 1274 imo
951 1203 1034 1274 illius
1050 1203 1161 1276 lectuli
1179 1201 1363 1299 sepulcralis
1396 1201 1480 1272 loco
1502 1203 1560 1270 in-
1672 1215 1673 1250 ³

510 1311 605 1382 serius
625 1307 741 1407 posite,
763 1310 825 1382 alie
845 1335 924 1384 veto
941 1307 990 1381 bis
1008 1310 1224 1406 quaternales,
1245 1309 1340 1405 super
1361 1309 1561 1406 marginem

510 1419 577 1488 eius
594 1417 738 1513 superius
761 1417 924 1510 collocate
941 1414 984 1488 ad
1004 1416 1088 1488 latus
1105 1415 1268 1509 dextrum,
1288 1415 1366 1486 oleo
1384 1415 1561 1487 nutriente

510 1523 558 1596 sul
583 1547 647 1595 ent.
1397 1539 1401 1546 '

558 1550 623 1703 {ed
639 1634 674 1703 &
696 1628 762 1700 hoc
779 1631 878 1701 eriam
896 1628 1082 1702 notandum
1104 1627 1170 1702 else
1186 1627 1325 1720 videtur,
1346 1625 1439 1725 quod
1455 1653 1562 1699 mau-

510 1738 634 1809 soleum
664 1736 716 1810 vel
743 1735 927 1832 sepulcrum
950 1736 1137 1830 Salvatoris,
1159 1735 1226 1806 hoc
1250 1736 1295 1807 est
1316 1736 1391 1832 sepe
1418 1759 1561 1806 memo·

510 1868 617 1916 ratum
651 1845 833 1942 tugurium,
867 1843 1012 1939 speleum
1046 1841 1109 1916 five
1128 1846 1277 1938 spelunca
1316 1848 1401 1916 reue
1434 1841 1565 1914 vocari

510 1951 617 2048 possit,
641 1949 682 2022 de
709 1976 774 2047 qua
791 1947 954 2040 videlicet,
981 1951 1133 2022 Domino
1150 1951 1263 2022 nostro
1282 1951 1347 2021 lesu
1365 1948 1503 2022 Christo
1524 1949 1561 2017 in

511 2085 550 2130 ea
566 2057 705 2156 sepulto,
720 2057 884 2154 propheta
906 2058 1116 2148 vaticinatur,
1131 2055 1256 2129 dicens=
1271 2061 1335 2127 Hic
1350 2059 1506 2126 habitabit
1525 2061 1562 2124 in

510 2167 628 2259 excelso
644 2166 792 2259 spelunca
810 2189 896 2256 petre
910 2165 1087 2255 fortiffinre.
1117 2162 1151 2234 Et
1172 2163 1272 2258 paulo
1294 2164 1368 2261 post
1392 2161 1434 2234 de
1450 2158 1564 2258 ipsius

512 2272 651 2342 Domini
676 2269 907 2342 resurrediione
930 2268 974 2340 ad
998 2269 1167 2366 apostolos
1202 2268 1409 2342 letificandos
1440 2267 1564 2341 subin·

511 2376 626 2448 fertur:
647 2381 762 2472 Regem
779 2404 845 2445 cunr
862 2378 969 2471 gloria
986 2381 1143 2449 videbitis.

558 2485 663 2580 Supra
695 2481 780 2555 dicie
805 2485 904 2580 igitur
934 2481 1066 2558 ecclesie
1095 2485 1273 2556 formulam
1298 2511 1375 2556 cunr
1401 2485 1562 2557 rotundo

513 2589 680 2688 tuguriolo
706 2591 741 2661 in
763 2591 830 2660 eius
851 2587 966 2661 medio
992 2591 1174 2683 collocato,
1201 2593 1235 2663 in
1259 2594 1351 2663 cuius
1368 2593 1563 2687 aquilonali

514 2719 605 2791 parte
630 2693 837 2767 dominicum
860 2693 997 2768 habetur
1019 2697 1216 2794 sepulcrum,
1237 2696 1381 2770 subiedia
1404 2695 1564 2770 declarat
1579 2695 1676 2804 ᾗ]

514 2803 650 2897 picium,
680 2805 870 2874 necnon&
901 2805 999 2874 trium
1029 2803 1167 2875 aliarum
1196 2804 1300 2902 figure
1331 2802 1565 2898 ecclefiarum,

513 2905 555 2978 de
574 2906 692 3003 quibus
710 2908 841 2980 inferius
859 2905 1071 2982 intimabitur.

563 3015 633 3087 llas
663 3017 774 3110 itaque
804 3015 1046 3110 quaternalium
1070 3015 1190 3114 figuras
1219 3014 1426 3090 ecclefiarum
1458 3019 1565 3092 iuxta

515 3121 696 3218 exemplar,
724 3117 817 3216 quod
841 3120 936 3213 milri,
963 3146 998 3192 ut
1016 3123 1160 3219 superius
1186 3123 1310 3196 ditum
1336 3125 1392 3217 est,
1421 3126 1567 3198 sancius

517 3229 669 3300 Arculsus
692 3230 725 3300 in
743 3228 900 3326 paginula
921 3227 1072 3326 figuravit
1095 3255 1212 3322 cerata,
1235 3229 1453 3328 depinximus,
1479 3259 1567 3307 non

515 3333 608 3432 quod
623 3334 721 3433 possit
744 3361 854 3406 earum
877 3333 1054 3406 similitudo
1077 3337 1215 3410 formari
1231 3339 1265 3409 in
1282 3339 1419 3435 pillum,
1442 3339 1503 3410 sed
1525 3367 1568 3413 ut

515 3442 723 3515 dominicum
747 3465 1015 3534 monumentum,
1034 3443 1111 3515 licet
1136 3445 1192 3516 tali
1217 3444 1415 3544 figuratione
1438 3446 1497 3518 vili
1526 3451 1566 3520 in

516 3548 691 3621 medietate
731 3547 871 3621 rotunde
918 3547 1050 3622 ecclesie
1091 3551 1304 3622 constitutum
1345 3551 1567 3648 monstretur,

515 3657 649 3752 utique‘
674 3655 750 3727 huic
774 3659 930 3753 proprior
961 3654 1094 3730 ecclesia
1124 3657 1177 3730 vel
1207 3683 1272 3754 que
1301 3661 1429 3732 eminus
1447 3661 1568 3759 posita

517 3763 704 3836 declaretur.

553 3996 575 4030 a
589 3976 628 4031 Al.
637 3995 761 4043 normam,
771 3978 923 4032 nomina-
958 4020 964 4032 .
1064 3999 1095 4034 au
1138 3999 1169 4034 ue

519 4054 638 4126 sepulchri
657 4056 717 4111 aliia.
737 4089 769 4098 -
790 4076 812 4112 c.
939 4099 947 4127 ‚
966 4079 1001 4112 a.
