3296 5700
529 521 599 604 250
689 524 1017 578 SANCTIMONIALIS
1041 525 1396 580 HEYDENHEIMENSIS

525 745 654 841 semper
672 745 808 842 superne
818 747 945 842 pietatis
957 745 1131 817 clementia
1139 771 1239 844 agere
1249 747 1338 837 solet,
1349 764 1365 794 ⁰
1375 747 1546 819 secundum

526 853 757 950 propheticum
775 854 1010 950 prophetarum
1033 854 1233 944 vaticinium,
1250 881 1290 926 ex
1306 880 1363 927 ore
1379 855 1546 927 itrfantium

525 985 584 1031 ceu
597 960 788 1032 lactantium
803 961 959 1057 perficere
974 958 1030 1032 srbi
1043 961 1125 1033 solet
1140 962 1282 1034 laudem.
1298 961 1429 1034 Deinde
1444 965 1545 1058 itaque

524 1093 602 1138 cum
617 1069 653 1138 in
668 1094 709 1140 eo
720 1065 814 1139 simul
826 1093 989 1140 annorum
1002 1093 1069 1141 etas
1083 1071 1265 1167 mentisque
1275 1069 1433 1167 sagacitas
1445 1069 1546 1142 divine

523 1172 770 1270 dispensationis
795 1173 1022 1246 moderamine
1048 1177 1205 1272 pullulare
1222 1203 1364 1274 ceperat,
1392 1180 1428 1248 ἀ
1451 1175 1545 1246 multo

522 1283 628 1380 magis
641 1283 674 1352 in
690 1307 731 1352 eo
746 1283 812 1354 iarn
830 1279 920 1353 rainl
936 1279 1046 1354 divina
1062 1284 1188 1380 spiritus
1207 1286 1309 1356 santii
1324 1285 1441 1383 gratia,
1454 1308 1545 1379 quam

522 1390 669 1484 corporis
690 1387 886 1487 magnitudo
907 1413 1051 1461 creverat
1069 1416 1125 1462 aut
1142 1389 1369 1464 membrorum
1385 1390 1546 1482 valetudo,

521 1495 673 1590 totusque
686 1496 754 1566 iam
769 1494 824 1566 ille
841 1496 875 1565 in
888 1495 952 1566 Dei
968 1520 1117 1568 amorem
1130 1499 1303 1572 conversus
1316 1524 1443 1598 magna
1461 1525 1546 1570 men·

521 1601 560 1670 tis
577 1599 794 1696 diuturnaque
811 1599 1026 1674 meditatione
1040 1605 1214 1677 tractando
1227 1607 1471 1679 monasterialia
1483 1631 1548 1678 nro

520 1704 698 1778 derationis
717 1710 930 1780 instrumenta
948 1711 1216 1810 monachalisque
1237 1715 1305 1785 vite
1325 1715 1549 1785 monarchiam

518 1814 553 1884 in
571 1811 683 1886 abdita
699 1817 818 1886 mentis
840 1817 1031 1913 quietudine
1049 1817 1103 1890 die
1116 1824 1285 1914 nofluque
1307 1821 1447 1892 sollicite
1464 1821 1550 1892 volu·

521 1919 619 2014 tabat,
638 1921 814 2018 quomodo
831 1925 963 1996 illorum
977 1926 1008 1998 se
1025 1927 1196 2023 copularet
1208 1927 1292 1998 caste
1309 1927 1549 1999 monachorum

519 2029 679 2121 clientele,
696 2056 752 2103 aut
766 2031 903 2128 qualiter
915 2033 1047 2105 illorum
1058 2035 1167 2106 faustis
1181 2033 1335 2106 interfore
1348 2033 1448 2132 possit
1461 2033 1550 2106 fanu-

517 2135 603 2208 liaris
620 2139 686 2212 vite
705 2138 890 2237 disciplinis.

729 2385 786 2458 Vl.
810 2391 1026 2482 Peregrinatio
1044 2392 1218 2456 inurentem
1236 2388 1350 2454 venit.⁶

568 2568 735 2666 Cumque,
758 2571 816 2643 ista
836 2571 946 2643 sedule
963 2573 1047 2643 intra
1071 2571 1189 2641 mentis
1213 2567 1458 2641 volubilitatem
1481 2567 1545 2640 vol
1609 2596 1614 2608 ·

516 2702 607 2768 vens,
634 2682 772 2750 traslare
793 2680 891 2777 cepit,
916 2677 1054 2775 qualiter
1073 2678 1131 2748 isla
1147 2677 1306 2775 cogitatio
1325 2673 1545 2772 depromereri

516 2784 719 2880 proferrique
735 2786 856 2882 poterit
873 2786 908 2856 in
924 2783 1088 2872 essedum,
1113 2807 1148 2855 ut
1165 2783 1291 2856 caduca
1307 2787 1428 2855 cundia
1447 2784 1546 2854 cosmi

514 2889 600 2962 istius
614 2916 826 2964 contemnere
842 2890 907 2965 five
924 2889 1147 2987 derelinquere
1165 2891 1282 2986 quiret,
1300 2893 1335 2961 &
1353 2915 1425 2962 non
1443 2890 1544 2961 solum

515 2999 711 3096 temporales
737 3022 937 3071 terrenarum
957 3024 1065 3069 rerum
1083 2995 1248 3088 sdivitias,
1274 2996 1332 3069 sed
1358 2998 1545 3094 &patriam

515 3107 716 3202 &parentes
739 3131 839 3202 atque
863 3107 1071 3202 propinquos
1094 3103 1250 3192 deserere,
1270 3104 1543 3201 peregrinatione

515 3236 580 3306 que
596 3235 721 3284 tentare
738 3211 885 3283 tellurem
899 3216 934 3283 ἃ
945 3213 1062 3310 ignota
1077 3212 1273 3283 exteriorum
1287 3211 1450 3306 requirere
1468 3235 1543 3280 rura

514 3315 1541 3416 Cumque,aliquantatemporumintercapedinemansadta,‘ille

513 3423 580 3494 iam
597 3425 671 3521 post
683 3423 891 3496 sinsantiales
905 3427 974 3496 eius
990 3422 1220 3514 oblectationis
1234 3421 1376 3495 ludicras
1393 3427 1429 3495 ἀ
1441 3425 1543 3521 pueri·

514 3530 603 3602 tiales
631 3533 872 3604 incentivorum
891 3531 1046 3623 lascivias,
1071 3529 1297 3602 illecebrosam
1314 3527 1438 3602 lubrice
1456 3531 1539 3602 etatis

514 3637 730 3733 petulantiam
746 3664 805 3734 pet
817 3635 1012 3710 indefessam
1028 3661 1127 3733 atque
1138 3633 1340 3709 ineffabilem
1357 3635 1470 3710 divine
1486 3635 1539 3708 dis·

513 3744 711 3840 pensationis
730 3745 871 3842 gratiam
895 3743 939 3817 ad
955 3743 1147 3843 lanuginem
1168 3741 1398 3841 &pubertatis
1419 3741 1539 3815 adoles·

514 3851 655 3922 centiam
674 3849 888 3948 pervenisset:
912 3854 1091 3923 maximam
1112 3853 1146 3922 in
1171 3848 1391 3923 contubernio
1409 3851 1538 3922 fratrum

513 3953 750 4028 dileetionemt
762 3983 820 4053 per
844 3956 1031 4032 obedientie
1056 3955 1222 4050 affectum,
1247 3955 1539 4045 mansuetudinem,

546 4139 570 4175 a.
583 4125 609 4176 G.
622 4123 744 4176 additur.
759 4153 792 4164 -
807 4125 832 4177 b.
847 4125 871 4176 F.
888 4137 996 4178 tunc-
1057 4125 1121 4178 allo.
1135 4154 1171 4166 -
1182 4124 1201 4176 f·
1218 4125 1271 4192 post
1279 4123 1374 4178 d.t'rtC.
1387 4152 1424 4162 -
1432 4121 1537 4193 adflec-

511 4217 532 4254 ο.
550 4201 682 4256 fimlusd.
696 4203 808 4267 5116,ss
823 4235 858 4246 -·
874 4205 994 4256 drotum
1058 4203 1152 4256 tionem
1165 4206 1191 4256 d.
1205 4202 1231 4254 ln
1245 4204 1271 4255 C.

512 4284 536 4334 d.
551 4280 576 4333 in
590 4283 661 4335 0.-
674 4300 693 4334 e.
711 4285 737 4335 C.
752 4283 996 4353 aliquanto...ttans·
