3354 5706
435 531 485 583 or:
512 531 615 584 tocrs
640 530 806 584 snucrrs.
1073 531 1137 609 195

96 754 176 824 dem
203 753 372 826 trinalium
395 752 562 849 lignorum
584 751 693 846 liquor
715 750 851 847 quidam
873 748 1029 840 odorifer,
1051 748 1138 846 quast
1175 835 1183 861 x

97 867 130 934 in
143 857 406 932 similitudinem
436 858 501 929 olei
531 855 704 954 expressus,
737 857 835 929 talem
869 857 946 928 facit
977 857 1139 929 universos

96 969 260 1040 intrantes
276 993 316 1040 ert
331 963 458 1040 diversis
472 963 624 1063 gentibus
636 987 857 1062 congregatos
870 965 965 1060 supra
975 989 1139 1035 memora-

98 1097 167 1142 tam
182 1073 303 1144 sentire
317 1071 486 1145 suaviffimi
501 1071 613 1143 odoris
631 1072 851 1168 fragrantiam.
868 1071 970 1142 Cuius
987 1068 1139 1142 videlicet

97 1178 246 1273 liquoris,
276 1178 298 1250 st
322 1183 420 1251 etiam
447 1179 580 1276 parvula
606 1175 748 1272 quedam
772 1176 906 1248 stillula0
928 1177 1021 1273 supra
1042 1200 1137 1274 egro·

99 1310 205 1356 rantes
235 1287 449 1382 imponatur,
484 1285 714 1381 qualicumque
742 1284 903 1381 languore
932 1282 984 1356 vel
1016 1279 1136 1352 morbo

99 1391 265 1462 molestari
284 1392 398 1466 leviter
412 1415 606 1488 recuperant
622 1391 802 1462 sanitatem.

147 1497 212 1570 Sed
232 1497 343 1570 dehis
361 1498 417 1570 ista
436 1497 603 1570 sufficiant.

321 1755 373 1825 IV.
400 1758 570 1848 Defensio
589 1757 725 1847 Georgio
745 1753 918 1844 corfeffore.

148 1913 316 2006 Arculfus‚
331 1914 435 1984 homo
447 1914 587 2004 sanetus,
598 1915 654 2008 qui
667 1909 762 1982 nobis
776 1910 837 1981 hec
851 1912 964 1980 omnia
977 1908 1018 1981 de
1032 1910 1141 1982 domi·

104 2025 174 2092 nica
191 2046 291 2091 cruce
309 2023 461 2110 narravit,
485 2045 587 2115 quam
609 2019 676 2116 ipse
693 2018 832 2114 propriis
850 2017 1020 2113 conspexit
1037 2017 1139 2088 oculis

104 2132 136 2198 δι
160 2127 325 2198 osculatus
353 2127 412 2216 est,
438 2128 536 2198 etiam
562 2123 657 2197 nobis
684 2123 725 2196 de
753 2122 902 2219 quodam
927 2120 1137 2214 consessore,l

107 2237 255 2332 Georgio
278 2234 427 2324 nomine,
449 2234 671 2304 narrationem
695 2229 845 2320 contulit,
866 2254 966 2323 quam
983 2231 1016 2300 in
1035 2231 1140 2302 Cons-

107 2340 382 2442 tantinopolitana
399 2337 509 2410 urbea
524 2335 719 2434 quibusdam
731 2337 868 2434 expertis
882 2334 996 2406 didicit
1006 2334 1141 2429 civibus,

108 2449 171 2542 qui,
189 2446 255 2516 hoc
271 2445 378 2516 modo
395 2472 525 2518 narrare
543 2445 639 2535 soliti,
657 2441 766 2515 eidem
784 2440 948 2514 dicebant.

154 2559 188 2624 ln
205 2552 361 2650 Diospoli
381 2553 521 2644 civitate,
543 2547 709 2623 cuiusdam
732 2549 924 2623 confessoris
947 2553 1085 2649 Georgij
1107 2554 1140 2624 in

110 2657 250 2753 quadam
260 2658 368 2730 domo
382 2661 513 2732 statuta‘
524 2655 723 2731 marmoreas
733 2659 901 2748 columna,
913 2684 1028 2732 contra
1042 2686 1142 2754 quam

110 2766 254 2864 alligatus
279 2766 513 2863 persecutionis
536 2791 685 2862 tempore
706 2764 888 2864 flagellatus
910 2768 968 2860 est,
988 2766 1142 2838 formula·

112 2898 171 2967 que
188 2871 324 2971 depidia
340 2874 395 2965 est,
414 2877 470 2969 qui
490 2901 601 2946 tamen
618 2874 692 2971 post
706 2870 978 2970 flagellationem,
997 2900 1015 2943 e
1031 2875 1143 2946 vincu-

111 2979 145 3048 lis
162 2978 342 3070 absolutus,
361 2981 470 3052 multis
487 2983 566 3054 vixit
583 2983 686 3052 annis.
711 2980 870 3078 Qadam
889 3007 967 3052 vero
985 2979 1050 3072 die,
1068 3005 1144 3050 cum

113 3083 244 3179 quidam
270 3084 344 3157 duri
375 3083 481 3156 cordis
509 3091 543 3158 ὅ(
574 3086 758 3157 incredulus
785 3088 963 3159 humuncio
994 3089 1027 3158 in
1056 3112 1144 3181 equo

114 3190 219 3262 sedens
234 3191 379 3264 eandem
396 3191 536 3264 domum
556 3191 754 3264 intrasset&
776 3191 904 3266 vidisset
923 3220 1144 3264 marmoream

114 3299 311 3390 columnam,
325 3297 368 3372 ab
383 3299 442 3392 his,
452 3303 509 3396 qui
519 3299 645 3372 ibidem
657 3325 760 3393 erant,
769 3298 1004 3398 interrogabat,
1019 3300 1144 3372 dicens:

115 3405 209 3476 Cuius
234 3407 279 3478 est
308 3406 371 3479 hec
396 3409 508 3504 imago
534 3409 568 3480 in
594 3434 779 3479 marmorea
804 3407 959 3479 columna
986 3407 1145 3478 formata?

116 3509 237 3608 Quibus
263 3512 597 3611 respondentibus&
626 3512 825 3586 dicentibus:
854 3515 991 3612 Georgij
1018 3514 1145 3584 confes·

117 3618 188 3688 soris
204 3619 263 3690 hec
279 3620 386 3718 figura
402 3621 457 3712 est,
480 3623 535 3716 qui
552 3619 594 3692 ad
613 3622 698 3692 hanc
720 3622 903 3694 vinculatus
922 3624 955 3692 ὅ(
974 3621 1145 3718 castigatus

119 3724 158 3793 est
169 3726 367 3798 columnam.
385 3728 467 3825 Quo
481 3725 606 3818 audito,
619 3728 672 3800 ille
686 3725 901 3798 stolidissimus
914 3727 1145 3820 homunculus,

120 3829 206 3902 valde
228 3834 327 3904 iratus
347 3859 462 3905 contra
480 3832 696 3906 insensibilem
722 3861 802 3926 rem,
825 3835 927 3906 sansli
956 3831 1145 3905 confessoris

121 3936 300 4032 formulam,
317 3942 489 4038 instigante
502 3939 650 4031 diabolo,
663 3942 779 4014 lancea
791 3941 950 4038 perculsit.
969 3941 1044 4039 Qre
1057 3939 1147 4012 vide-

120 4042 189 4115 licet
204 4047 349 4119 eiusdem
365 4047 535 4140 adversarij
552 4049 679 4142 lancea,
698 4047 787 4146 quast
805 4075 863 4146 per
880 4045 1021 4146 globum
1039 4050 1148 4141 nivis,‘

153 4238 173 4272 a.
185 4223 221 4286 u,
239 4223 278 4288 V„
291 4227 319 4276 R.
334 4223 428 4293 stipula.
448 4193 601 4294 -b.M1ls.‚
663 4257 696 4268 ·-
708 4228 734 4280 d.
750 4229 804 4296 Mff.
819 4231 879 4282 add.
893 4227 926 4280 in.
940 4255 973 4266 -
988 4245 1009 4279 e.
1022 4227 1050 4278 B.
1065 4226 1145 4279 nimis.

124 4298 154 4351 al.
167 4315 280 4372 martyre.
295 4334 327 4344 -
341 4306 454 4374 c.Beru.;
467 4304 502 4358 al,
515 4307 602 4360 statua.
