3390 5720
528 519 574 599 34
896 521 1190 577 ennacnutnrto

1121 647 1225 660 ρ...-

517 743 661 833 princeps
675 743 706 808 in
724 741 830 831 lsrael,
849 740 880 809 δ’
897 743 1028 834 egreffus
1046 747 1111 812 eius
1129 745 1165 812 ab
1185 747 1283 832 initio,
1310 771 1328 812 a
1349 745 1454 813 diebus
1474 770 1548 814 eter-

521 851 638 915 nitatis.
668 851 831 940 Propterea
846 851 930 918 dabis
942 877 992 918 eos
1005 852 1094 942 usque
1111 852 1152 918 ad
1168 855 1448 943 rempusparientit.
1487 857 1550 920 Pa·

520 958 588 1042 riet,
603 954 774 1046 &reliquie
784 958 919 1045 fratrum
939 961 1004 1026 eius
1020 981 1225 1027 convertentur
1240 958 1280 1024 ad
1287 957 1493 1051 filiosssraei.
1517 961 1548 1026 {n

521 1085 553 1131 te
566 1061 654 1132 enim
667 1085 761 1131 natus
775 1060 819 1130 est
832 1063 996 1160 princeps,
1010 1063 1065 1157 qui
1078 1087 1155 1134 ante
1168 1061 1341 1132 luciferum
1350 1065 1478 1159 genitus
1487 1063 1548 1134 est:

521 1169 610 1237 cuius
628 1165 669 1238 de
688 1191 778 1263 patre
794 1169 945 1242 nativitas
963 1195 1100 1240 omnem
1117 1167 1244 1242 excedit
1256 1192 1385 1240 etatem.
1418 1168 1453 1240 Et
1466 1193 1547 1242 tam·

519 1273 574 1344 diu
592 1276 626 1344 in
644 1298 675 1345 te
691 1272 833 1345 davidici
848 1277 976 1371 generis
998 1278 1095 1374 origo
1119 1272 1306 1374 permansit,
1327 1272 1436 1346 donec
1453 1277 1547 1374 virgo

518 1403 654 1477 pareret,
672 1381 708 1450 ἃ
725 1379 859 1474 reliquie
872 1381 988 1478 populi
1006 1379 1168 1453 credentis
1181 1383 1215 1452 in
1229 1380 1393 1452 Christum
1411 1407 1547 1455 conver·

518 1511 659 1560 serentur
672 1484 714 1558 ad
729 1484 814 1554 filios
829 1486 921 1558 lsrael
933 1490 968 1557 ἅ
984 1487 1083 1560 iibere
1094 1487 1318 1587 predicarent:
1349 1490 1442 1558 Vobis
1459 1516 1547 1583 opor·

516 1598 594 1666 rebar
603 1599 735 1688 primunt
753 1592 838 1684 ioqui
851 1597 966 1666 uerbum
984 1600 1057 1683 uei,
1064 1597 1126 1689 sed
1137 1600 1273 1688 quoniam
1286 1595 1437 1689 repulistis
1455 1596 1544 1684 iilud,

515 1703 546 1772 ὃ·
568 1704 712 1794 indignos
731 1725 784 1768 vos
806 1700 960 1791 iudicastis
982 1726 1080 1771 eterne
1104 1707 1175 1790 vire,
1194 1729 1259 1771 ecce
1286 1705 1483 1771 convertimur
1508 1704 1548 1770 ad

512 1834 626 1903 gentes.
669 1807 802 1877 Dixerat
823 1808 912 1878 enirn
931 1809 1040 1878 Deus:
1067 1813 1159 1902 Qon
1176 1812 1244 1878 veni
1259 1813 1313 1903 nifi
1331 1810 1372 1877 ad
1389 1833 1460 1877 oues
1470 1833 1545 1902 per·

513 1919 593 1986 diras
610 1919 716 1985 domus
733 1916 837 2007 Israel.
878 1915 913 1985 Et
931 1941 972 1986 eo
991 1939 1139 2011 ternpore
1158 1912 1255 1986 iacob
1272 1915 1368 2011 super
1385 1938 1427 1983 eo
1445 1910 1544 1984 verba

513 2023 679 2119 completa
695 2023 785 2096 sunt:
811 2029 903 2118 Qon
926 2028 1043 2114 deficiet
1061 2029 1205 2118 princeps
1221 2050 1257 2092 ex
1278 2024 1354 2092 Iuda
1376 2020 1407 2089 ἃ
1429 2022 1487 2089 due
1509 2023 1545 2090 de

504 2133 676 2221 semoribus
700 2136 776 2220 eius,
803 2133 896 2202 donec
918 2137 1017 2202 ueniat
1040 2136 1088 2201 cui
1105 2138 1260 2228 repofirum
1280 2133 1330 2219 est,
1350 2127 1381 2196 6»
1404 2129 1470 2221 ipse
1485 2132 1545 2198 erir

510 2240 689 2333 exspediario
709 2245 854 2333 gentium.
894 2240 980 2310 Bene
998 2236 1109 2310 David
1125 2233 1263 2326 iurabat,
1298 2232 1382 2306 bene
1399 2257 1479 2306 vota
1496 2233 1544 2304 fa·

509 2342 617 2416 ciebat
633 2343 766 2417 dicens:
791 2349 829 2414 Si
846 2351 990 2417 introiero
1014 2351 1044 2415 in
1060 2345 1282 2416 tabernaculum
1304 2345 1409 2412 domus
1431 2369 1504 2430 mee,
1512 2351 1543 2437 fi

509 2455 666 2545 ascendero
684 2457 715 2523 in
734 2454 841 2523 lesbum
850 2459 942 2546 strati
960 2458 1027 2542 mei,
1039 2461 1069 2549 fi
1086 2457 1343 2547 dederosomnum
1356 2452 1542 2522 aminneis

508 2557 539 2626 ἃ
550 2560 709 2653 palpebris
723 2564 798 2628 meis
810 2563 1050 2629 dormitationem
1064 2562 1095 2631 ὂ
1111 2566 1240 2654 requiem
1256 2562 1438 2654 temporibus
1452 2565 1539 2648 meis,

507 2664 598 2734 donet
614 2670 760 2736 inueniam
773 2667 869 2736 iocum
884 2672 1031 2758 Domino,
1049 2670 1268 2740 tabernaculum
1283 2671 1418 2738 Domino
1436 2669 1537 2737 Iacob.

506 2765 541 2836 Et
557 2769 663 2842 statim
677 2771 757 2868 quid
771 2771 973 2865 desideraret,
987 2775 1145 2872 exposuit,
1158 2800 1257 2872 atque
1275 2773 1378 2844 oculis
1395 2771 1539 2870 prophe·

506 2873 632 2970 tabibus,
650 2905 751 2975 quem
769 2905 839 2953 non
862 2879 983 2954 venisse
1006 2884 1074 2954 iam
1096 2881 1270 2973 credimus,
1287 2881 1341 2954 ille
1362 2904 1537 2952 venturum

505 2979 569 3054 esse
586 2982 746 3059 cernebat.
784 2993 859 3059 Ecce
876 2991 1047 3062 audiuimus
1059 2992 1146 3061 ilium
1159 2997 1190 3062 in
1203 2996 1346 3085 prrara,
1369 2993 1536 3059 invenimus

504 3097 610 3162 eumin
625 3096 830 3191 campisfiive.
857 3103 908 3167 Zo
922 3098 1047 3195 quippe
1060 3097 1167 3169 sermo
1181 3096 1362 3188 hebraicus,
1376 3119 1410 3166 ut
1422 3119 1455 3166 te
1471 3094 1534 3167 do-

504 3222 598 3270 cente
610 3197 721 3292 didici,
734 3226 804 3273 non
817 3203 966 3297 Mariam,
976 3230 1115 3278 matrem
1127 3206 1276 3296 Domini,
1289 3204 1354 3275 hoc
1366 3202 1411 3274 est
1422 3193 1533 3294 adtira

504 3303 559 3376 sed
576 3307 693 3403 ipsum,
708 3306 745 3378 id
770 3309 814 3379 est
831 3307 937 3398 aritio,
959 3307 1127 3409 significat.
1169 3309 1266 3384 Unde
1286 3310 1432 3406 loquitur
1448 3334 1533 3380 con·

502 3409 655 3484 fidenter:
672 3418 865 3485 Introibimus
887 3421 917 3486 in
943 3419 1164 3490 tabernaculum
1187 3425 1263 3506 eius,
1287 3419 1479 3489 adorabimus
1501 3422 1533 3486 in

502 3519 580 3607 ioco,
599 3522 648 3589 ubi
655 3525 801 3611 steterunt
812 3525 909 3617 pedes
928 3529 1004 3594 eius.
1031 3523 1067 3596 Et
1084 3551 1149 3623 ego
1167 3525 1283 3596 misera
1299 3547 1398 3620 atque
1414 3547 1534 3619 pecca·

501 3628 572 3720 trix,
590 3624 692 3725 digna
709 3626 780 3696 sum
795 3626 939 3700 iudicata
955 3628 1136 3704 deosculari
1152 3629 1299 3728 presepe,
1321 3631 1355 3702 in
1373 3655 1442 3726 quo
1460 3631 1532 3700 Do·

501 3735 608 3806 minus
621 3734 773 3831 parvidus
788 3737 899 3834 vagiit,
922 3761 1016 3809 orare
1037 3739 1072 3808 in
1097 3738 1262 3835 spelunca,
1283 3740 1318 3808 in
1346 3763 1412 3834 qua
1434 3739 1529 3835 virgo

500 3866 659 3938 puerpera
675 3842 861 3912 Dominum
882 3841 967 3914 fudit
983 3844 1165 3916 infantem?
1209 3847 1282 3916 Hec
1300 3845 1428 3941 requies
1444 3869 1529 3935 mea,

501 3951 577 4043 quia
594 3948 733 4020 Domini
750 3950 815 4020 mei
831 3949 934 4046 patria
950 3951 1014 4042 est,
1040 3950 1092 4022 hic
1109 3949 1277 4045 habitab0,
1293 3952 1453 4047 quoniam
1469 3951 1528 4022 sal·

500 4079 594 4131 vator
606 4054 705 4154 elegit
721 4082 804 4128 earn.
847 4063 962 4126 Paravi
980 4059 1129 4129 lucernam
1153 4063 1271 4152 Cbristo
1294 4087 1368 4131 meo.
1410 4063 1528 4130 osnirna

499 4189 564 4233 mea
585 4163 636 4232 ilii
655 4169 745 4252 viver,
765 4165 796 4234 ἃ
805 4167 909 4259 semen
925 4191 1019 4234 meunt
1028 4169 1147 4259 serviet
1161 4172 1225 4263 ipfi.

311 4311 388 4358 TW„
400 4313 469 4361 nter.
547 4269 599 4340 lX.
613 4267 929 4366 Haudproculinde
945 4268 1113 4343 descendit
1125 4271 1168 4344 ad
1184 4278 1289 4344 turrim
1303 4276 1403 4364 etde,
1419 4270 1522 4362 idest,

497 4377 617 4473 gregis,
635 4375 723 4447 iuxta
741 4401 842 4470 quam
858 4375 956 4449 iacob
973 4379 1063 4474 pavit
1080 4404 1195 4478 greges
1212 4379 1297 4469 suos,
1322 4381 1357 4450 δε
1377 4379 1522 4477 pastores
