<?xml version="1.0" encoding="UTF-8"?>
<!DOCTYPE html PUBLIC "-//W3C//DTD XHTML 1.0 Transitional//EN"
    "http://www.w3.org/TR/xhtml1/DTD/xhtml1-transitional.dtd">
<html xmlns="http://www.w3.org/1999/xhtml" xml:lang="en" lang="en">
 <head>
  <title>
</title>
<meta http-equiv="Content-Type" content="text/html;charset=utf-8" />
  <meta name='ocr-system' content='tesseract 3.04.00' />
  <meta name='ocr-capabilities' content='ocr_page ocr_carea ocr_par ocr_line ocrx_word'/>
</head>
<body>
  <div class='ocr_page' id='page_1' title='image "./itinerahierosol00berngoog_0389.png"; bbox 0 0 3296 5700; ppageno 0'>
   <div class='ocr_carea' id='block_1_1' title="bbox 477 515 1123 610">
    <p class='ocr_par' dir='ltr' id='par_1_1' title="bbox 477 515 1123 610">
     <span class='ocr_line' id='line_1_1' title="bbox 477 515 1123 610; baseline -0.006 -24"><span class='ocrx_word' id='word_1_1' title='bbox 477 515 547 610; x_wconf 85' lang='lat'>318</span> <span class='ocrx_word' id='word_1_2' title='bbox 857 531 1123 584; x_wconf 76' lang='lat' dir='ltr'><strong>ITINERARIUM</strong></span> 
     </span>
    </p>
   </div>
   <div class='ocr_carea' id='block_1_2' title="bbox 258 743 1504 3722">
    <p class='ocr_par' dir='ltr' id='par_1_2' title="bbox 258 743 1504 3722">
     <span class='ocr_line' id='line_1_2' title="bbox 523 743 1499 844; baseline 0 -28"><span class='ocrx_word' id='word_1_3' title='bbox 523 745 631 816; x_wconf 87' lang='lat' dir='ltr'>XVlil.</span> <span class='ocrx_word' id='word_1_4' title='bbox 650 743 703 816; x_wconf 77' lang='lat' dir='ltr'>nd</span> <span class='ocrx_word' id='word_1_5' title='bbox 724 744 923 842; x_wconf 87' lang='lat' dir='ltr'>postremum</span> <span class='ocrx_word' id='word_1_6' title='bbox 942 748 1073 844; x_wconf 80' lang='lat' dir='ltr'>triginta</span> <span class='ocrx_word' id='word_1_7' title='bbox 1098 745 1253 818; x_wconf 85' lang='lat' dir='ltr'>milliariis</span> <span class='ocrx_word' id='word_1_8' title='bbox 1275 743 1317 816; x_wconf 90' lang='lat' dir='ltr'>ab</span> <span class='ocrx_word' id='word_1_9' title='bbox 1344 749 1499 840; x_wconf 69' lang='lat' dir='ltr'>Ierusalem</span> 
     </span>
     <span class='ocr_line' id='line_1_3' title="bbox 475 852 1501 949; baseline -0.002 -25"><span class='ocrx_word' id='word_1_10' title='bbox 475 853 519 924; x_wconf 89' lang='lat' dir='ltr'>est</span> <span class='ocrx_word' id='word_1_11' title='bbox 536 857 676 924; x_wconf 80' lang='lat' dir='ltr'>Iordanis</span> <span class='ocrx_word' id='word_1_12' title='bbox 697 852 739 925; x_wconf 90' lang='lat' dir='ltr'>ad</span> <span class='ocrx_word' id='word_1_13' title='bbox 763 855 934 942; x_wconf 88' lang='lat' dir='ltr'>orientem,</span> <span class='ocrx_word' id='word_1_14' title='bbox 962 854 1056 949; x_wconf 87' lang='lat' dir='ltr'>super</span> <span class='ocrx_word' id='word_1_15' title='bbox 1082 878 1181 949; x_wconf 90' lang='lat' dir='ltr'>quem</span> <span class='ocrx_word' id='word_1_16' title='bbox 1206 853 1250 923; x_wconf 88' lang='lat' dir='ltr'>est</span> <span class='ocrx_word' id='word_1_17' title='bbox 1275 852 1501 924; x_wconf 85' lang='lat' dir='ltr'>monasterium</span> 
     </span>
     <span class='ocr_line' id='line_1_4' title="bbox 266 949 1503 1060; baseline 0.002 -32"><span class='ocrx_word' id='word_1_18' title='bbox 266 949 462 1060; x_wconf 61' lang='lat' dir='ltr'>Mffi‘fflffis·</span> <span class='ocrx_word' id='word_1_19' title='bbox 474 963 497 1028; x_wconf 87' lang='lat' dir='ltr'><em>S</em></span> <span class='ocrx_word' id='word_1_20' title='bbox 499 964 580 1030; x_wconf 76' lang='lat' dir='ltr'>arilli</span> <span class='ocrx_word' id='word_1_21' title='bbox 596 964 738 1031; x_wconf 76' lang='lat' dir='ltr'>Iohannis</span> <span class='ocrx_word' id='word_1_22' title='bbox 756 964 900 1056; x_wconf 63' lang='lat' dir='ltr'>baptiste.</span> <span class='ocrx_word' id='word_1_23' title='bbox 919 977 933 1006; x_wconf 76' lang='lat'>‘¹</span> <span class='ocrx_word' id='word_1_24' title='bbox 950 966 984 1032; x_wconf 91' lang='lat' dir='ltr'>ln</span> <span class='ocrx_word' id='word_1_25' title='bbox 1003 958 1119 1056; x_wconf 88' lang='lat' dir='ltr'>quibus</span> <span class='ocrx_word' id='word_1_26' title='bbox 1141 985 1274 1056; x_wconf 89' lang='lat' dir='ltr'>quoque</span> <span class='ocrx_word' id='word_1_27' title='bbox 1296 959 1379 1030; x_wconf 87' lang='lat' dir='ltr'>locis</span> <span class='ocrx_word' id='word_1_28' title='bbox 1405 959 1503 1030; x_wconf 83' lang='lat' dir='ltr'>multa</span> 
     </span>
     <span class='ocr_line' id='line_1_5' title="bbox 475 1063 868 1141; baseline 0.015 -6"><span class='ocrx_word' id='word_1_29' title='bbox 475 1063 650 1140; x_wconf 86' lang='lat' dir='ltr'>consrstunt</span> <span class='ocrx_word' id='word_1_30' title='bbox 665 1069 868 1141; x_wconf 88' lang='lat' dir='ltr'>monasteria.</span> 
     </span>
     <span class='ocr_line' id='line_1_6' title="bbox 266 1171 1502 1288; baseline 0 -44"><span class='ocrx_word' id='word_1_31' title='bbox 266 1177 462 1288; x_wconf 30' lang='lat' dir='ltr'>&amp;legitimi</span> <span class='ocrx_word' id='word_1_32' title='bbox 522 1173 606 1245; x_wconf 89' lang='lat' dir='ltr'>XlX.</span> <span class='ocrx_word' id='word_1_33' title='bbox 626 1174 672 1244; x_wconf 85' lang='lat' dir='ltr'>Est</span> <span class='ocrx_word' id='word_1_34' title='bbox 693 1177 777 1247; x_wconf 89' lang='lat' dir='ltr'>inter</span> <span class='ocrx_word' id='word_1_35' title='bbox 799 1177 860 1246; x_wconf 91' lang='lat' dir='ltr'>hec</span> <span class='ocrx_word' id='word_1_36' title='bbox 889 1174 933 1248; x_wconf 86' lang='lat' dir='ltr'>ad</span> <span class='ocrx_word' id='word_1_37' title='bbox 961 1173 1199 1247; x_wconf 86' lang='lat' dir='ltr'>occidentalem</span> <span class='ocrx_word' id='word_1_38' title='bbox 1226 1197 1353 1269; x_wconf 90' lang='lat' dir='ltr'>partem</span> <span class='ocrx_word' id='word_1_39' title='bbox 1366 1171 1502 1267; x_wconf 55' lang='lat' dir='ltr'>hieroso-</span> 
     </span>
     <span class='ocr_line' id='line_1_7' title="bbox 390 1275 1504 1371; baseline 0.002 -23"><span class='ocrx_word' id='word_1_40' title='bbox 390 1275 396 1287; x_wconf 85' lang='lat'>&#39;</span> <span class='ocrx_word' id='word_1_41' title='bbox 475 1281 571 1371; x_wconf 76' lang='lat' dir='ltr'>lyme⁶</span> <span class='ocrx_word' id='word_1_42' title='bbox 586 1281 724 1353; x_wconf 89' lang='lat' dir='ltr'>civitatis</span> <span class='ocrx_word' id='word_1_43' title='bbox 746 1283 894 1352; x_wconf 88' lang='lat' dir='ltr'>milliario</span> <span class='ocrx_word' id='word_1_44' title='bbox 921 1307 988 1355; x_wconf 92' lang='lat' dir='ltr'>uno</span> <span class='ocrx_word' id='word_1_45' title='bbox 1010 1279 1142 1352; x_wconf 81' lang='lat' dir='ltr'>ecclefia</span> <span class='ocrx_word' id='word_1_46' title='bbox 1158 1285 1267 1351; x_wconf 78' lang='lat' dir='ltr'>Saulie</span> <span class='ocrx_word' id='word_1_47' title='bbox 1284 1281 1504 1369; x_wconf 56' lang='lat' dir='ltr'>Mammam</span> 
     </span>
     <span class='ocr_line' id='line_1_8' title="bbox 474 1387 1503 1485; baseline 0 -29"><span class='ocrx_word' id='word_1_48' title='bbox 474 1411 540 1480; x_wconf 88' lang='lat' dir='ltr'>qua</span> <span class='ocrx_word' id='word_1_49' title='bbox 552 1387 624 1457; x_wconf 90' lang='lat' dir='ltr'>sunt</span> <span class='ocrx_word' id='word_1_50' title='bbox 636 1389 739 1459; x_wconf 83' lang='lat' dir='ltr'>multa</span> <span class='ocrx_word' id='word_1_51' title='bbox 751 1413 892 1485; x_wconf 84' lang='lat' dir='ltr'>corpora</span> <span class='ocrx_word' id='word_1_52' title='bbox 902 1413 1092 1479; x_wconf 86' lang='lat' dir='ltr'>martyrum,</span> <span class='ocrx_word' id='word_1_53' title='bbox 1111 1388 1166 1483; x_wconf 94' lang='lat' dir='ltr'>qui</span> <span class='ocrx_word' id='word_1_54' title='bbox 1183 1389 1397 1458; x_wconf 86' lang='lat' dir='ltr'>aSarracenis</span> <span class='ocrx_word' id='word_1_55' title='bbox 1409 1387 1503 1458; x_wconf 90' lang='lat' dir='ltr'>inter·</span> 
     </span>
     <span class='ocr_line' id='line_1_9' title="bbox 474 1491 1217 1591; baseline 0.001 -29"><span class='ocrx_word' id='word_1_56' title='bbox 474 1491 560 1582; x_wconf 70' lang='lat' dir='ltr'>ferti,</span> <span class='ocrx_word' id='word_1_57' title='bbox 571 1491 588 1538; x_wconf 68' lang='lat'>‘¹</span> <span class='ocrx_word' id='word_1_58' title='bbox 596 1491 638 1564; x_wconf 89' lang='lat' dir='ltr'>ab</span> <span class='ocrx_word' id='word_1_59' title='bbox 658 1494 727 1590; x_wconf 88' lang='lat' dir='ltr'>ipsa</span> <span class='ocrx_word' id='word_1_60' title='bbox 742 1496 815 1566; x_wconf 89' lang='lat' dir='ltr'>sunt</span> <span class='ocrx_word' id='word_1_61' title='bbox 830 1493 876 1565; x_wconf 94' lang='lat' dir='ltr'>ibi</span> <span class='ocrx_word' id='word_1_62' title='bbox 892 1493 1065 1591; x_wconf 84' lang='lat' dir='ltr'>diligenter</span> <span class='ocrx_word' id='word_1_63' title='bbox 1081 1492 1217 1565; x_wconf 89' lang='lat' dir='ltr'>conditi.</span> 
     </span>
     <span class='ocr_line' id='line_1_10' title="bbox 519 1598 1501 1698; baseline -0.002 -28"><span class='ocrx_word' id='word_1_64' title='bbox 519 1599 591 1670; x_wconf 93' lang='lat' dir='ltr'>XX.</span> <span class='ocrx_word' id='word_1_65' title='bbox 617 1601 822 1672; x_wconf 85' lang='lat' dir='ltr'>Revertentes</span> <span class='ocrx_word' id='word_1_66' title='bbox 847 1601 945 1698; x_wconf 86' lang='lat' dir='ltr'>igitur</span> <span class='ocrx_word' id='word_1_67' title='bbox 969 1598 1011 1672; x_wconf 88' lang='lat' dir='ltr'>ab</span> <span class='ocrx_word' id='word_1_68' title='bbox 1036 1603 1198 1693; x_wconf 80' lang='lat' dir='ltr'>Ierusalem</span> <span class='ocrx_word' id='word_1_69' title='bbox 1224 1599 1354 1670; x_wconf 88' lang='lat' dir='ltr'>civitate</span> <span class='ocrx_word' id='word_1_70' title='bbox 1382 1599 1501 1682; x_wconf 69' lang='lat' dir='ltr'>sanda,</span> 
     </span>
     <span class='ocr_line' id='line_1_11' title="bbox 471 1707 1500 1802; baseline -0.004 -24"><span class='ocrx_word' id='word_1_71' title='bbox 471 1707 618 1778; x_wconf 88' lang='lat' dir='ltr'>venimus</span> <span class='ocrx_word' id='word_1_72' title='bbox 635 1707 669 1777; x_wconf 94' lang='lat' dir='ltr'>in</span> <span class='ocrx_word' id='word_1_73' title='bbox 681 1733 782 1778; x_wconf 90' lang='lat' dir='ltr'>mare.</span> <span class='ocrx_word' id='word_1_74' title='bbox 803 1712 957 1779; x_wconf 85' lang='lat' dir='ltr'>intrantes</span> <span class='ocrx_word' id='word_1_75' title='bbox 971 1731 1081 1778; x_wconf 87' lang='lat' dir='ltr'>autem</span> <span class='ocrx_word' id='word_1_76' title='bbox 1094 1709 1128 1777; x_wconf 93' lang='lat' dir='ltr'>in</span> <span class='ocrx_word' id='word_1_77' title='bbox 1141 1731 1241 1794; x_wconf 87' lang='lat' dir='ltr'>mare,</span> <span class='ocrx_word' id='word_1_78' title='bbox 1257 1707 1500 1802; x_wconf 82' lang='lat' dir='ltr'>navigavimus‘</span> 
     </span>
     <span class='ocr_line' id='line_1_12' title="bbox 470 1809 1504 1912; baseline -0.001 -29"><span class='ocrx_word' id='word_1_79' title='bbox 470 1811 503 1883; x_wconf 85' lang='lat' dir='ltr'>lx</span> <span class='ocrx_word' id='word_1_80' title='bbox 519 1810 587 1882; x_wconf 89' lang='lat' dir='ltr'>dies</span> <span class='ocrx_word' id='word_1_81' title='bbox 601 1837 678 1883; x_wconf 90' lang='lat' dir='ltr'>cum</span> <span class='ocrx_word' id='word_1_82' title='bbox 693 1814 841 1912; x_wconf 84' lang='lat' dir='ltr'>angustia</span> <span class='ocrx_word' id='word_1_83' title='bbox 854 1839 976 1911; x_wconf 85' lang='lat' dir='ltr'>magna</span> <span class='ocrx_word' id='word_1_84' title='bbox 992 1813 1098 1903; x_wconf 87' lang='lat' dir='ltr'>valde,</span> <span class='ocrx_word' id='word_1_85' title='bbox 1117 1837 1187 1883; x_wconf 93' lang='lat' dir='ltr'>non</span> <span class='ocrx_word' id='word_1_86' title='bbox 1199 1809 1356 1884; x_wconf 83' lang='lat' dir='ltr'>habentes</span> <span class='ocrx_word' id='word_1_87' title='bbox 1370 1837 1504 1884; x_wconf 83' lang='lat' dir='ltr'>vennun</span> 
     </span>
     <span class='ocr_line' id='line_1_13' title="bbox 471 1916 1504 2010; baseline -0.002 -20"><span class='ocrx_word' id='word_1_88' title='bbox 471 1919 627 1990; x_wconf 87' lang='lat' dir='ltr'>serenum.</span> <span class='ocrx_word' id='word_1_89' title='bbox 647 1918 798 1991; x_wconf 87' lang='lat' dir='ltr'>Tandem</span> <span class='ocrx_word' id='word_1_90' title='bbox 816 1945 968 1994; x_wconf 83' lang='lat' dir='ltr'>exeuntes</span> <span class='ocrx_word' id='word_1_91' title='bbox 987 1919 1029 1992; x_wconf 88' lang='lat' dir='ltr'>de</span> <span class='ocrx_word' id='word_1_92' title='bbox 1049 1921 1142 2010; x_wconf 88' lang='lat' dir='ltr'>mari,</span> <span class='ocrx_word' id='word_1_93' title='bbox 1159 1916 1336 1991; x_wconf 82' lang='lat' dir='ltr'>venimusf</span> <span class='ocrx_word' id='word_1_94' title='bbox 1347 1917 1392 1990; x_wconf 87' lang='lat' dir='ltr'>ad</span> <span class='ocrx_word' id='word_1_95' title='bbox 1411 1943 1504 1988; x_wconf 90' lang='lat' dir='ltr'>mon·</span> 
     </span>
     <span class='ocr_line' id='line_1_14' title="bbox 261 2023 1504 2124; baseline 0.003 -32"><span class='ocrx_word' id='word_1_96' title='bbox 261 2047 438 2095; x_wconf 75' lang='lat' dir='ltr'>Momnureur.</span> <span class='ocrx_word' id='word_1_97' title='bbox 472 2050 539 2095; x_wconf 89' lang='lat' dir='ltr'>tem</span> <span class='ocrx_word' id='word_1_98' title='bbox 561 2031 708 2114; x_wconf 76' lang='lat' dir='ltr'>elureum,</span> <span class='ocrx_word' id='word_1_99' title='bbox 742 2024 798 2096; x_wconf 93' lang='lat' dir='ltr'>ubi</span> <span class='ocrx_word' id='word_1_100' title='bbox 826 2027 870 2098; x_wconf 90' lang='lat' dir='ltr'>est</span> <span class='ocrx_word' id='word_1_101' title='bbox 894 2030 998 2124; x_wconf 88' lang='lat' dir='ltr'>cripta</span> <span class='ocrx_word' id='word_1_102' title='bbox 1018 2023 1142 2098; x_wconf 89' lang='lat' dir='ltr'>habens</span> <span class='ocrx_word' id='word_1_103' title='bbox 1163 2027 1206 2117; x_wconf 85' lang='lat' dir='ltr'>vij</span> <span class='ocrx_word' id='word_1_104' title='bbox 1231 2024 1355 2116; x_wconf 84' lang='lat' dir='ltr'>altaria,</span> <span class='ocrx_word' id='word_1_105' title='bbox 1383 2024 1504 2096; x_wconf 85' lang='lat' dir='ltr'>habens</span> 
     </span>
     <span class='ocr_line' id='line_1_15' title="bbox 471 2130 1503 2230; baseline -0.002 -28"><span class='ocrx_word' id='word_1_106' title='bbox 471 2132 570 2202; x_wconf 87' lang='lat' dir='ltr'>etiam</span> <span class='ocrx_word' id='word_1_107' title='bbox 587 2131 682 2226; x_wconf 86' lang='lat' dir='ltr'>supra</span> <span class='ocrx_word' id='word_1_108' title='bbox 699 2133 731 2202; x_wconf 90' lang='lat' dir='ltr'>se</span> <span class='ocrx_word' id='word_1_109' title='bbox 752 2130 1047 2230; x_wconf 52' lang='lat' dir='ltr'>silvamjjmagnam.</span> <span class='ocrx_word' id='word_1_110' title='bbox 1075 2137 1107 2203; x_wconf 90' lang='lat' dir='ltr'>ln</span> <span class='ocrx_word' id='word_1_111' title='bbox 1130 2157 1230 2228; x_wconf 85' lang='lat' dir='ltr'>quarn</span> <span class='ocrx_word' id='word_1_112' title='bbox 1246 2133 1388 2227; x_wconf 89' lang='lat' dir='ltr'>criptam</span> <span class='ocrx_word' id='word_1_113' title='bbox 1407 2155 1503 2202; x_wconf 89' lang='lat' dir='ltr'>nemo</span> 
     </span>
     <span class='ocr_line' id='line_1_16' title="bbox 470 2234 1502 2334; baseline 0 -26"><span class='ocrx_word' id='word_1_114' title='bbox 470 2237 576 2334; x_wconf 92' lang='lat' dir='ltr'>potest</span> <span class='ocrx_word' id='word_1_115' title='bbox 593 2263 651 2333; x_wconf 90' lang='lat' dir='ltr'>pre</span> <span class='ocrx_word' id='word_1_116' title='bbox 665 2238 884 2311; x_wconf 69' lang='lat' dir='ltr'>obscuritates</span> <span class='ocrx_word' id='word_1_117' title='bbox 894 2241 1024 2327; x_wconf 85' lang='lat' dir='ltr'>intrare,</span> <span class='ocrx_word' id='word_1_118' title='bbox 1047 2237 1103 2309; x_wconf 81' lang='lat' dir='ltr'>nifi</span> <span class='ocrx_word' id='word_1_119' title='bbox 1122 2263 1199 2308; x_wconf 90' lang='lat' dir='ltr'>cum</span> <span class='ocrx_word' id='word_1_120' title='bbox 1216 2234 1357 2309; x_wconf 86' lang='lat' dir='ltr'>accenfis</span> <span class='ocrx_word' id='word_1_121' title='bbox 1375 2237 1502 2308; x_wconf 89' lang='lat' dir='ltr'>lumini·</span> 
     </span>
     <span class='ocr_line' id='line_1_17' title="bbox 469 2342 1291 2418; baseline 0.001 -5"><span class='ocrx_word' id='word_1_122' title='bbox 469 2342 537 2416; x_wconf 87' lang='lat' dir='ltr'>bus.</span> <span class='ocrx_word' id='word_1_123' title='bbox 559 2342 681 2416; x_wconf 81' lang='lat' dir='ltr'>{bidem</span> <span class='ocrx_word' id='word_1_124' title='bbox 696 2370 763 2416; x_wconf 90' lang='lat' dir='ltr'>erat</span> <span class='ocrx_word' id='word_1_125' title='bbox 773 2347 787 2390; x_wconf 70' lang='lat' dir='ltr'>l</span> <span class='ocrx_word' id='word_1_126' title='bbox 798 2343 898 2418; x_wconf 85' lang='lat' dir='ltr'>abbas</span> <span class='ocrx_word' id='word_1_127' title='bbox 917 2345 1071 2416; x_wconf 90' lang='lat' dir='ltr'>dominus</span> <span class='ocrx_word' id='word_1_128' title='bbox 1087 2344 1291 2418; x_wconf 88' lang='lat' dir='ltr'>Valentinus.</span> 
     </span>
     <span class='ocr_line' id='line_1_18' title="bbox 260 2450 1501 2549; baseline 0 -29"><span class='ocrx_word' id='word_1_129' title='bbox 260 2473 344 2520; x_wconf 70' lang='lat' dir='ltr'>noma.</span> <span class='ocrx_word' id='word_1_130' title='bbox 518 2450 602 2523; x_wconf 90' lang='lat' dir='ltr'>XXl.</span> <span class='ocrx_word' id='word_1_131' title='bbox 630 2457 660 2522; x_wconf 92' lang='grc' dir='ltr'>Α</span> <span class='ocrx_word' id='word_1_132' title='bbox 684 2479 781 2524; x_wconf 86' lang='lat' dir='ltr'>moute</span> <span class='ocrx_word' id='word_1_133' title='bbox 798 2460 906 2525; x_wconf 76' lang='lat' dir='ltr'>utureo</span> <span class='ocrx_word' id='word_1_134' title='bbox 927 2453 1092 2526; x_wconf 89' lang='lat' dir='ltr'>venientes</span> <span class='ocrx_word' id='word_1_135' title='bbox 1114 2453 1322 2549; x_wconf 81' lang='lat' dir='ltr'>pervenimus</span> <span class='ocrx_word' id='word_1_136' title='bbox 1341 2453 1501 2545; x_wconf 43' lang='grc' dir='ltr'>ἵμας’</span> 
     </span>
     <span class='ocr_line' id='line_1_19' title="bbox 470 2556 1503 2653; baseline 0 -27"><span class='ocrx_word' id='word_1_137' title='bbox 470 2557 554 2627; x_wconf 90' lang='lat' dir='ltr'>intra</span> <span class='ocrx_word' id='word_1_138' title='bbox 577 2583 678 2653; x_wconf 85' lang='lat' dir='ltr'>quarn</span> <span class='ocrx_word' id='word_1_139' title='bbox 699 2556 813 2631; x_wconf 90' lang='lat' dir='ltr'>urbem</span> <span class='ocrx_word' id='word_1_140' title='bbox 837 2558 880 2631; x_wconf 89' lang='lat' dir='ltr'>ad</span> <span class='ocrx_word' id='word_1_141' title='bbox 907 2558 1098 2631; x_wconf 86' lang='lat' dir='ltr'>orientalem</span> <span class='ocrx_word' id='word_1_142' title='bbox 1123 2581 1262 2653; x_wconf 86' lang='lat' dir='ltr'>partem,</span> <span class='ocrx_word' id='word_1_143' title='bbox 1290 2559 1324 2628; x_wconf 94' lang='lat' dir='ltr'>in</span> <span class='ocrx_word' id='word_1_144' title='bbox 1349 2557 1430 2628; x_wconf 91' lang='lat' dir='ltr'>loco</span> <span class='ocrx_word' id='word_1_145' title='bbox 1452 2559 1503 2652; x_wconf 86' lang='lat' dir='ltr'>qni</span> 
     </span>
     <span class='ocr_line' id='line_1_20' title="bbox 260 2661 1502 2766; baseline -0.001 -32"><span class='ocrx_word' id='word_1_146' title='bbox 260 2691 354 2740; x_wconf 55' lang='lat' dir='ltr'>rann</span> <span class='ocrx_word' id='word_1_147' title='bbox 369 2693 400 2766; x_wconf 52' lang='grc' dir='ltr'>ἐ.</span> <span class='ocrx_word' id='word_1_148' title='bbox 419 2693 457 2741; x_wconf 78' lang='lat'>10.</span> <span class='ocrx_word' id='word_1_149' title='bbox 471 2661 765 2756; x_wconf 83' lang='lat' dir='ltr'>diciturlureruuis,</span> <span class='ocrx_word' id='word_1_150' title='bbox 790 2667 834 2737; x_wconf 91' lang='lat' dir='ltr'>est</span> <span class='ocrx_word' id='word_1_151' title='bbox 859 2664 991 2737; x_wconf 79' lang='lat' dir='ltr'>ecelesia</span> <span class='ocrx_word' id='word_1_152' title='bbox 1015 2665 1049 2735; x_wconf 94' lang='lat' dir='ltr'>in</span> <span class='ocrx_word' id='word_1_153' title='bbox 1081 2664 1207 2736; x_wconf 89' lang='lat' dir='ltr'>honore</span> <span class='ocrx_word' id='word_1_154' title='bbox 1229 2665 1332 2735; x_wconf 74' lang='lat' dir='ltr'>sandii</span> <span class='ocrx_word' id='word_1_155' title='bbox 1354 2663 1502 2734; x_wconf 82' lang='lat' dir='ltr'>lobannis</span> 
     </span>
     <span class='ocr_line' id='line_1_21' title="bbox 306 2753 1501 2869; baseline -0.001 -26"><span class='ocrx_word' id='word_1_156' title='bbox 306 2753 395 2801; x_wconf 50' lang='grc' dir='ltr'>Μ</span> <span class='ocrx_word' id='word_1_157' title='bbox 469 2769 630 2868; x_wconf 73' lang='lat' dir='ltr'>Baptister&#39;</span> <span class='ocrx_word' id='word_1_158' title='bbox 645 2770 729 2844; x_wconf 90' lang='lat' dir='ltr'>bene</span> <span class='ocrx_word' id='word_1_159' title='bbox 746 2771 938 2869; x_wconf 63' lang='lat' dir='ltr'>compono,</span> <span class='ocrx_word' id='word_1_160' title='bbox 956 2771 1012 2844; x_wconf 92' lang='lat' dir='ltr'>ubi</span> <span class='ocrx_word' id='word_1_161' title='bbox 1030 2773 1074 2844; x_wconf 91' lang='lat' dir='ltr'>est</span> <span class='ocrx_word' id='word_1_162' title='bbox 1091 2773 1226 2869; x_wconf 88' lang='lat' dir='ltr'>propria</span> <span class='ocrx_word' id='word_1_163' title='bbox 1243 2768 1333 2842; x_wconf 86' lang='lat' dir='ltr'>sedes</span> <span class='ocrx_word' id='word_1_164' title='bbox 1350 2771 1501 2867; x_wconf 89' lang='lat' dir='ltr'>apostoli·</span> 
     </span>
     <span class='ocr_line' id='line_1_22' title="bbox 470 2877 1499 2976; baseline -0.001 -26"><span class='ocrx_word' id='word_1_165' title='bbox 470 2881 621 2950; x_wconf 68' lang='lat' dir='ltr'>corum*</span> <span class='ocrx_word' id='word_1_166' title='bbox 638 2877 762 2952; x_wconf 83' lang='lat' dir='ltr'>ibidem</span> <span class='ocrx_word' id='word_1_167' title='bbox 791 2882 890 2952; x_wconf 89' lang='lat' dir='ltr'>etiam</span> <span class='ocrx_word' id='word_1_168' title='bbox 907 2905 1106 2976; x_wconf 87' lang='lat' dir='ltr'>unaquaque</span> <span class='ocrx_word' id='word_1_169' title='bbox 1132 2881 1230 2948; x_wconf 71' lang='lat' dir='ltr'>noete</span> <span class='ocrx_word' id='word_1_170' title='bbox 1255 2877 1499 2949; x_wconf 86' lang='lat' dir='ltr'>deferunturad</span> 
     </span>
     <span class='ocr_line' id='line_1_23' title="bbox 469 2983 1499 3083; baseline -0.002 -25"><span class='ocrx_word' id='word_1_171' title='bbox 469 2987 685 3083; x_wconf 90' lang='lat' dir='ltr'>apostolicum</span> <span class='ocrx_word' id='word_1_172' title='bbox 702 2986 809 3058; x_wconf 84' lang='lat' dir='ltr'>claves</span> <span class='ocrx_word' id='word_1_173' title='bbox 831 2986 873 3058; x_wconf 91' lang='lat' dir='ltr'>de</span> <span class='ocrx_word' id='word_1_174' title='bbox 894 2987 1042 3059; x_wconf 89' lang='lat' dir='ltr'>universa</span> <span class='ocrx_word' id='word_1_175' title='bbox 1058 2987 1196 3058; x_wconf 87' lang='lat' dir='ltr'>civitate.</span> <span class='ocrx_word' id='word_1_176' title='bbox 1213 2984 1223 3029; x_wconf 75' lang='lat'>²</span> <span class='ocrx_word' id='word_1_177' title='bbox 1238 2983 1292 3056; x_wconf 83' lang='lat' dir='ltr'>Ad</span> <span class='ocrx_word' id='word_1_178' title='bbox 1313 2983 1499 3056; x_wconf 85' lang='lat' dir='ltr'>occidenta-</span> 
     </span>
     <span class='ocr_line' id='line_1_24' title="bbox 260 3092 1498 3195; baseline 0.002 -36"><span class='ocrx_word' id='word_1_179' title='bbox 260 3111 455 3160; x_wconf 79' lang='lat' dir='ltr'>Ecclefias.l²etri.</span> <span class='ocrx_word' id='word_1_180' title='bbox 467 3093 534 3165; x_wconf 91' lang='lat' dir='ltr'>lem</span> <span class='ocrx_word' id='word_1_181' title='bbox 549 3119 660 3165; x_wconf 87' lang='lat' dir='ltr'>autem</span> <span class='ocrx_word' id='word_1_182' title='bbox 677 3117 805 3195; x_wconf 86' lang='lat' dir='ltr'>partem</span> <span class='ocrx_word' id='word_1_183' title='bbox 824 3096 869 3166; x_wconf 88' lang='lat' dir='ltr'>est</span> <span class='ocrx_word' id='word_1_184' title='bbox 889 3095 1008 3192; x_wconf 82' lang='lat' dir='ltr'>ecclefiu</span> <span class='ocrx_word' id='word_1_185' title='bbox 1029 3097 1108 3163; x_wconf 79' lang='lat' dir='ltr'>beari</span> <span class='ocrx_word' id='word_1_186' title='bbox 1127 3098 1214 3164; x_wconf 82' lang='lat' dir='ltr'>Petri</span> <span class='ocrx_word' id='word_1_187' title='bbox 1231 3093 1388 3190; x_wconf 89' lang='lat' dir='ltr'>principis</span> <span class='ocrx_word' id='word_1_188' title='bbox 1411 3092 1498 3187; x_wconf 86' lang='lat' dir='ltr'>apos-</span> 
     </span>
     <span class='ocr_line' id='line_1_25' title="bbox 469 3198 1497 3297; baseline -0.003 -27"><span class='ocrx_word' id='word_1_189' title='bbox 469 3201 624 3292; x_wconf 88' lang='lat' dir='ltr'>tolorum,</span> <span class='ocrx_word' id='word_1_190' title='bbox 648 3198 704 3272; x_wconf 92' lang='lat' dir='ltr'>ubi</span> <span class='ocrx_word' id='word_1_191' title='bbox 726 3201 794 3296; x_wconf 90' lang='lat' dir='ltr'>ipse</span> <span class='ocrx_word' id='word_1_192' title='bbox 810 3215 976 3297; x_wconf 55' lang='lat' dir='ltr'>corpore*</span> <span class='ocrx_word' id='word_1_193' title='bbox 992 3200 1172 3294; x_wconf 87' lang='lat' dir='ltr'>requiescit,</span> <span class='ocrx_word' id='word_1_194' title='bbox 1202 3201 1255 3270; x_wconf 91' lang='lat' dir='ltr'>cui</span> <span class='ocrx_word' id='word_1_195' title='bbox 1279 3201 1314 3269; x_wconf 94' lang='lat' dir='ltr'>in</span> <span class='ocrx_word' id='word_1_196' title='bbox 1338 3200 1497 3297; x_wconf 84' lang='lat' dir='ltr'>magnitu-</span> 
     </span>
     <span class='ocr_line' id='line_1_26' title="bbox 468 3304 1495 3401; baseline -0.001 -24"><span class='ocrx_word' id='word_1_197' title='bbox 468 3304 545 3379; x_wconf 91' lang='lat' dir='ltr'>dine</span> <span class='ocrx_word' id='word_1_198' title='bbox 562 3324 657 3379; x_wconf 74' lang='lat' dir='ltr'>”non</span> <span class='ocrx_word' id='word_1_199' title='bbox 669 3307 714 3378; x_wconf 89' lang='lat' dir='ltr'>est</span> <span class='ocrx_word' id='word_1_200' title='bbox 730 3304 836 3378; x_wconf 80' lang='lat' dir='ltr'>similis</span> <span class='ocrx_word' id='word_1_201' title='bbox 854 3305 986 3379; x_wconf 78' lang='lat' dir='ltr'>ecclelia</span> <span class='ocrx_word' id='word_1_202' title='bbox 1003 3307 1037 3378; x_wconf 92' lang='lat' dir='ltr'>in</span> <span class='ocrx_word' id='word_1_203' title='bbox 1054 3305 1201 3378; x_wconf 85' lang='lat' dir='ltr'>universa</span> <span class='ocrx_word' id='word_1_204' title='bbox 1218 3329 1319 3378; x_wconf 84' lang='lat' dir='ltr'>terra:</span> <span class='ocrx_word' id='word_1_205' title='bbox 1337 3330 1403 3401; x_wconf 90' lang='lat' dir='ltr'>que</span> <span class='ocrx_word' id='word_1_206' title='bbox 1422 3330 1495 3376; x_wconf 92' lang='lat' dir='ltr'>con·</span> 
     </span>
     <span class='ocr_line' id='line_1_27' title="bbox 469 3411 1495 3508; baseline -0.002 -24"><span class='ocrx_word' id='word_1_207' title='bbox 469 3417 548 3485; x_wconf 87' lang='lat' dir='ltr'>tinet</span> <span class='ocrx_word' id='word_1_208' title='bbox 568 3416 667 3485; x_wconf 84' lang='lat' dir='ltr'>etiam</span> <span class='ocrx_word' id='word_1_209' title='bbox 692 3438 887 3486; x_wconf 83' lang='lat' dir='ltr'>ornamenta</span> <span class='ocrx_word' id='word_1_210' title='bbox 913 3411 1046 3485; x_wconf 88' lang='lat' dir='ltr'>diversa.</span> <span class='ocrx_word' id='word_1_211' title='bbox 1077 3417 1200 3508; x_wconf 84' lang='lat' dir='ltr'>inqua</span> <span class='ocrx_word' id='word_1_212' title='bbox 1226 3413 1326 3484; x_wconf 84' lang='lat' dir='ltr'>etiam</span> <span class='ocrx_word' id='word_1_213' title='bbox 1354 3411 1495 3508; x_wconf 75' lang='lat' dir='ltr'>predilh</span> 
     </span>
     <span class='ocr_line' id='line_1_28' title="bbox 309 3519 1410 3617; baseline -0.003 -26"><span class='ocrx_word' id='word_1_214' title='bbox 309 3596 315 3610; x_wconf 48' lang='grc'><strong>,</strong></span> <span class='ocrx_word' id='word_1_215' title='bbox 386 3597 392 3609; x_wconf 56' lang='grc'><strong>,</strong></span> <span class='ocrx_word' id='word_1_216' title='bbox 467 3519 545 3592; x_wconf 91' lang='lat' dir='ltr'>urbe</span> <span class='ocrx_word' id='word_1_217' title='bbox 565 3519 814 3592; x_wconf 87' lang='lat' dir='ltr'>innumerabilia</span> <span class='ocrx_word' id='word_1_218' title='bbox 830 3545 972 3617; x_wconf 88' lang='lat' dir='ltr'>corpora</span> <span class='ocrx_word' id='word_1_219' title='bbox 991 3520 1178 3592; x_wconf 57' lang='lat' dir='ltr'>sanctorum</span> <span class='ocrx_word' id='word_1_220' title='bbox 1195 3520 1410 3614; x_wconf 86' lang='lat' dir='ltr'>requiescunt.</span> 
     </span>
     <span class='ocr_line' id='line_1_29' title="bbox 258 3597 1492 3722; baseline -0.011 -14"><span class='ocrx_word' id='word_1_221' title='bbox 258 3597 454 3708; x_wconf 65' lang='lat' dir='ltr'>⁸illil¹lllll⁴</span> <span class='ocrx_word' id='word_1_222' title='bbox 515 3627 611 3699; x_wconf 89' lang='lat' dir='ltr'>XXll.</span> <span class='ocrx_word' id='word_1_223' title='bbox 634 3633 666 3698; x_wconf 88' lang='lat' dir='ltr'>ln</span> <span class='ocrx_word' id='word_1_224' title='bbox 683 3626 746 3698; x_wconf 90' lang='lat' dir='ltr'>hac</span> <span class='ocrx_word' id='word_1_225' title='bbox 762 3629 870 3698; x_wconf 85' lang='lat' dir='ltr'>enim⁰</span> <span class='ocrx_word' id='word_1_226' title='bbox 888 3626 966 3699; x_wconf 89' lang='lat' dir='ltr'>urbe</span> <span class='ocrx_word' id='word_1_227' title='bbox 983 3626 1121 3722; x_wconf 86' lang='lat' dir='ltr'>separati</span> <span class='ocrx_word' id='word_1_228' title='bbox 1137 3625 1245 3697; x_wconf 90' lang='lat' dir='ltr'>sumus</span> <span class='ocrx_word' id='word_1_229' title='bbox 1267 3623 1309 3698; x_wconf 92' lang='lat' dir='ltr'>ab</span> <span class='ocrx_word' id='word_1_230' title='bbox 1341 3627 1492 3698; x_wconf 86' lang='lat' dir='ltr'>invicem:</span> 
     </span>
    </p>
   </div>
   <div class='ocr_carea' id='block_1_3' title="bbox 465 3819 1492 4287">
    <p class='ocr_par' dir='ltr' id='par_1_3' title="bbox 465 3819 1492 4287">
     <span class='ocr_line' id='line_1_30' title="bbox 501 3819 1492 3890; baseline -0.002 -19"><span class='ocrx_word' id='word_1_231' title='bbox 501 3837 526 3873; x_wconf 87' lang='lat' dir='ltr'>a.</span> <span class='ocrx_word' id='word_1_232' title='bbox 546 3821 656 3890; x_wconf 80' lang='lat' dir='ltr'>Baptiste</span> <span class='ocrx_word' id='word_1_233' title='bbox 675 3823 700 3872; x_wconf 85' lang='lat' dir='ltr'>d.</span> <span class='ocrx_word' id='word_1_234' title='bbox 721 3819 747 3872; x_wconf 78' lang='lat' dir='ltr'>in</span> <span class='ocrx_word' id='word_1_235' title='bbox 769 3823 794 3872; x_wconf 88' lang='lat' dir='ltr'>F.</span> <span class='ocrx_word' id='word_1_236' title='bbox 815 3851 850 3860; x_wconf 88' lang='lat'>—-</span> <span class='ocrx_word' id='word_1_237' title='bbox 870 3822 894 3873; x_wconf 90' lang='lat' dir='ltr'>b.</span> <span class='ocrx_word' id='word_1_238' title='bbox 912 3822 951 3874; x_wconf 89' lang='lat' dir='ltr'>M.</span> <span class='ocrx_word' id='word_1_239' title='bbox 1014 3831 1105 3886; x_wconf 73' lang='lat' dir='ltr'>tatem3</span> <span class='ocrx_word' id='word_1_240' title='bbox 1127 3820 1166 3872; x_wconf 91' lang='grc' dir='ltr'>Μ.</span> <span class='ocrx_word' id='word_1_241' title='bbox 1187 3821 1250 3871; x_wconf 83' lang='lat' dir='ltr'>add.</span> <span class='ocrx_word' id='word_1_242' title='bbox 1274 3820 1442 3872; x_wconf 79' lang='lat' dir='ltr'>tenebrarum.</span> <span class='ocrx_word' id='word_1_243' title='bbox 1463 3845 1492 3858; x_wconf 89' lang='lat'>—</span> 
     </span>
     <span class='ocr_line' id='line_1_31' title="bbox 466 3898 1492 3970; baseline 0.001 -20"><span class='ocrx_word' id='word_1_244' title='bbox 466 3899 576 3970; x_wconf 79' lang='lat' dir='ltr'>plagam.</span> <span class='ocrx_word' id='word_1_245' title='bbox 601 3930 634 3941; x_wconf 90' lang='lat'><em>-</em></span> <span class='ocrx_word' id='word_1_246' title='bbox 653 3919 676 3953; x_wconf 84' lang='lat' dir='ltr'>c.</span> <span class='ocrx_word' id='word_1_247' title='bbox 699 3904 727 3954; x_wconf 87' lang='lat' dir='ltr'>V.</span> <span class='ocrx_word' id='word_1_248' title='bbox 743 3899 901 3964; x_wconf 78' lang='lat' dir='ltr'>lerosolinre3</span> <span class='ocrx_word' id='word_1_249' title='bbox 926 3901 951 3953; x_wconf 68' lang='lat' dir='ltr'>l„</span> <span class='ocrx_word' id='word_1_250' title='bbox 1014 3898 1039 3950; x_wconf 91' lang='lat' dir='ltr'>h.</span> <span class='ocrx_word' id='word_1_251' title='bbox 1054 3900 1094 3952; x_wconf 91' lang='grc' dir='ltr'>Μ.</span> <span class='ocrx_word' id='word_1_252' title='bbox 1107 3898 1160 3950; x_wconf 72' lang='lat' dir='ltr'>fuit</span> <span class='ocrx_word' id='word_1_253' title='bbox 1172 3898 1232 3951; x_wconf 91' lang='lat' dir='ltr'>-i.</span> <span class='ocrx_word' id='word_1_254' title='bbox 1249 3901 1289 3953; x_wconf 90' lang='lat' dir='ltr'>M.</span> <span class='ocrx_word' id='word_1_255' title='bbox 1300 3899 1332 3952; x_wconf 88' lang='lat' dir='ltr'>de</span> <span class='ocrx_word' id='word_1_256' title='bbox 1345 3899 1386 3950; x_wconf 89' lang='lat' dir='ltr'>M.</span> <span class='ocrx_word' id='word_1_257' title='bbox 1396 3900 1432 3951; x_wconf 88' lang='lat' dir='ltr'>A.</span> <span class='ocrx_word' id='word_1_258' title='bbox 1445 3915 1492 3966; x_wconf 79' lang='lat' dir='ltr'>per·</span> 
     </span>
     <span class='ocr_line' id='line_1_32' title="bbox 466 3977 1491 4049; baseline -0.003 -17"><span class='ocrx_word' id='word_1_259' title='bbox 466 3979 634 4032; x_wconf 85' lang='lat' dir='ltr'>lerusolimite.</span> <span class='ocrx_word' id='word_1_260' title='bbox 649 4011 682 4020; x_wconf 95' lang='lat'>-</span> <span class='ocrx_word' id='word_1_261' title='bbox 695 3980 720 4032; x_wconf 92' lang='lat' dir='ltr'>d.</span> <span class='ocrx_word' id='word_1_262' title='bbox 734 3981 760 4033; x_wconf 73' lang='lat' dir='ltr'>l„</span> <span class='ocrx_word' id='word_1_263' title='bbox 768 3983 829 4034; x_wconf 84' lang='lat' dir='ltr'>add.</span> <span class='ocrx_word' id='word_1_264' title='bbox 843 3982 906 4033; x_wconf 90' lang='lat' dir='ltr'>sunt.</span> <span class='ocrx_word' id='word_1_265' title='bbox 916 4007 951 4018; x_wconf 91' lang='lat'><em>-</em></span> <span class='ocrx_word' id='word_1_266' title='bbox 1014 3979 1180 4032; x_wconf 84' lang='lat' dir='ltr'>veneruntad</span> <span class='ocrx_word' id='word_1_267' title='bbox 1194 3979 1226 4030; x_wconf 91' lang='lat' dir='ltr'>R.</span> <span class='ocrx_word' id='word_1_268' title='bbox 1241 4008 1276 4017; x_wconf 94' lang='lat'><em>-</em></span> <span class='ocrx_word' id='word_1_269' title='bbox 1283 3981 1305 4046; x_wconf 87' lang='lat' dir='ltr'>j.</span> <span class='ocrx_word' id='word_1_270' title='bbox 1315 3978 1424 4049; x_wconf 80' lang='lat' dir='ltr'>Baptille</span> <span class='ocrx_word' id='word_1_271' title='bbox 1434 3977 1491 4030; x_wconf 71' lang='lat' dir='ltr'>ain</span> 
     </span>
     <span class='ocr_line' id='line_1_33' title="bbox 466 4057 1490 4128; baseline -0.003 -17"><span class='ocrx_word' id='word_1_272' title='bbox 466 4077 486 4110; x_wconf 88' lang='lat' dir='ltr'>e.</span> <span class='ocrx_word' id='word_1_273' title='bbox 509 4062 549 4126; x_wconf 86' lang='lat' dir='ltr'>L.,</span> <span class='ocrx_word' id='word_1_274' title='bbox 568 4062 595 4112; x_wconf 84' lang='lat' dir='ltr'>V.</span> <span class='ocrx_word' id='word_1_275' title='bbox 613 4063 675 4113; x_wconf 81' lang='lat' dir='ltr'>add.</span> <span class='ocrx_word' id='word_1_276' title='bbox 694 4060 807 4113; x_wconf 72' lang='lat' dir='ltr'>estimari.</span> <span class='ocrx_word' id='word_1_277' title='bbox 825 4091 860 4100; x_wconf 86' lang='lat'>—-</span> <span class='ocrx_word' id='word_1_278' title='bbox 881 4060 950 4113; x_wconf 78' lang='lat' dir='ltr'>tM.</span> <span class='ocrx_word' id='word_1_279' title='bbox 1013 4059 1050 4123; x_wconf 92' lang='lat' dir='ltr'>L.,</span> <span class='ocrx_word' id='word_1_280' title='bbox 1064 4060 1094 4110; x_wconf 85' lang='lat' dir='ltr'>V.</span> <span class='ocrx_word' id='word_1_281' title='bbox 1118 4087 1152 4098; x_wconf 85' lang='lat'>-</span> <span class='ocrx_word' id='word_1_282' title='bbox 1171 4059 1198 4110; x_wconf 82' lang='lat' dir='ltr'>k.</span> <span class='ocrx_word' id='word_1_283' title='bbox 1214 4059 1252 4111; x_wconf 90' lang='lat' dir='ltr'>M.</span> <span class='ocrx_word' id='word_1_284' title='bbox 1273 4057 1447 4128; x_wconf 82' lang='lat' dir='ltr'>apostolorum.</span> <span class='ocrx_word' id='word_1_285' title='bbox 1460 4085 1490 4095; x_wconf 94' lang='lat'>-</span> 
     </span>
     <span class='ocr_line' id='line_1_34' title="bbox 465 4137 1490 4210; baseline 0 -18"><span class='ocrx_word' id='word_1_286' title='bbox 465 4141 512 4193; x_wconf 87' lang='lat' dir='ltr'>loco</span> <span class='ocrx_word' id='word_1_287' title='bbox 523 4140 626 4193; x_wconf 79' lang='lat' dir='ltr'>onmium</span> <span class='ocrx_word' id='word_1_288' title='bbox 646 4159 698 4210; x_wconf 75' lang='lat' dir='ltr'>qua</span> <span class='ocrx_word' id='word_1_289' title='bbox 711 4144 854 4209; x_wconf 69' lang='lat' dir='ltr'>precedunt</span> <span class='ocrx_word' id='word_1_290' title='bbox 868 4140 950 4206; x_wconf 78' lang='lat' dir='ltr'>halet,</span> <span class='ocrx_word' id='word_1_291' title='bbox 1013 4141 1028 4192; x_wconf 91' lang='lat' dir='ltr'>l.</span> <span class='ocrx_word' id='word_1_292' title='bbox 1044 4137 1137 4190; x_wconf 86' lang='lat' dir='ltr'>ibidem</span> <span class='ocrx_word' id='word_1_293' title='bbox 1202 4179 1207 4191; x_wconf 90' lang='lat'>.</span> <span class='ocrx_word' id='word_1_294' title='bbox 1220 4138 1356 4192; x_wconf 84' lang='lat' dir='ltr'>civitated.</span> <span class='ocrx_word' id='word_1_295' title='bbox 1371 4138 1396 4190; x_wconf 74' lang='lat' dir='ltr'>in</span> <span class='ocrx_word' id='word_1_296' title='bbox 1407 4140 1441 4192; x_wconf 79' lang='lat' dir='ltr'>M.</span> <span class='ocrx_word' id='word_1_297' title='bbox 1460 4165 1490 4174; x_wconf 95' lang='lat'>-</span> 
     </span>
     <span class='ocr_line' id='line_1_35' title="bbox 465 4217 1487 4287; baseline -0.007 -12"><span class='ocrx_word' id='word_1_298' title='bbox 465 4223 506 4275; x_wconf 83' lang='lat' dir='ltr'>De</span> <span class='ocrx_word' id='word_1_299' title='bbox 518 4220 673 4273; x_wconf 83' lang='lat' dir='ltr'>Hierusalem</span> <span class='ocrx_word' id='word_1_300' title='bbox 683 4220 837 4273; x_wconf 83' lang='lat' dir='ltr'>intraverunt</span> <span class='ocrx_word' id='word_1_301' title='bbox 847 4221 871 4272; x_wconf 89' lang='lat' dir='ltr'>in</span> <span class='ocrx_word' id='word_1_302' title='bbox 882 4237 951 4273; x_wconf 83' lang='lat' dir='ltr'>utare</span> <span class='ocrx_word' id='word_1_303' title='bbox 1014 4235 1046 4272; x_wconf 88' lang='lat' dir='ltr'>m.</span> <span class='ocrx_word' id='word_1_304' title='bbox 1062 4235 1168 4287; x_wconf 87' lang='lat' dir='ltr'>corpore</span> <span class='ocrx_word' id='word_1_305' title='bbox 1188 4222 1212 4270; x_wconf 84' lang='lat' dir='ltr'>d.</span> <span class='ocrx_word' id='word_1_306' title='bbox 1225 4219 1252 4271; x_wconf 77' lang='lat' dir='ltr'>in</span> <span class='ocrx_word' id='word_1_307' title='bbox 1265 4221 1300 4284; x_wconf 68' lang='lat' dir='ltr'>F„</span> <span class='ocrx_word' id='word_1_308' title='bbox 1317 4221 1356 4271; x_wconf 80' lang='lat' dir='ltr'>nr.</span> <span class='ocrx_word' id='word_1_309' title='bbox 1378 4247 1413 4257; x_wconf 94' lang='lat'>-</span> <span class='ocrx_word' id='word_1_310' title='bbox 1424 4233 1447 4268; x_wconf 88' lang='lat' dir='ltr'>n.</span> <span class='ocrx_word' id='word_1_311' title='bbox 1465 4217 1487 4268; x_wconf 72' lang='lat'>5.</span> 
     </span>
    </p>
   </div>
   <div class='ocr_carea' id='block_1_4' title="bbox 465 4297 1456 4382">
    <p class='ocr_par' dir='ltr' id='par_1_4' title="bbox 465 4297 1456 4382">
     <span class='ocr_line' id='line_1_36' title="bbox 465 4297 1456 4382; baseline 0.005 -29"><span class='ocrx_word' id='word_1_312' title='bbox 465 4303 489 4364; x_wconf 71' lang='grc' dir='ltr'>δι</span> <span class='ocrx_word' id='word_1_313' title='bbox 505 4313 633 4362; x_wconf 78' lang='lat' dir='ltr'>venerunt,</span> <span class='ocrx_word' id='word_1_314' title='bbox 646 4331 682 4340; x_wconf 90' lang='lat'>-</span> <span class='ocrx_word' id='word_1_315' title='bbox 693 4319 721 4382; x_wconf 71' lang='lat' dir='ltr'>g.</span> <span class='ocrx_word' id='word_1_316' title='bbox 738 4302 762 4354; x_wconf 85' lang='lat' dir='ltr'>l.</span> <span class='ocrx_word' id='word_1_317' title='bbox 777 4312 828 4380; x_wconf 86' lang='lat' dir='ltr'>pot.</span> <span class='ocrx_word' id='word_1_318' title='bbox 842 4299 951 4362; x_wconf 54' lang='lat' dir='ltr'>obscuri*</span> <span class='ocrx_word' id='word_1_319' title='bbox 1015 4299 1224 4378; x_wconf 65' lang='lat' dir='ltr'>mignitudintrn.</span> <span class='ocrx_word' id='word_1_320' title='bbox 1234 4329 1270 4339; x_wconf 93' lang='lat'>-</span> <span class='ocrx_word' id='word_1_321' title='bbox 1285 4316 1310 4357; x_wconf 78' lang='grc' dir='ltr'>ο.</span> <span class='ocrx_word' id='word_1_322' title='bbox 1325 4301 1350 4360; x_wconf 74' lang='lat' dir='ltr'>f.</span> <span class='ocrx_word' id='word_1_323' title='bbox 1364 4297 1456 4358; x_wconf 72' lang='lat' dir='ltr'>etenim</span> 
     </span>
    </p>
   </div>
   <div class='ocr_carea' id='block_1_5' title="bbox 0 0 1652 5700">
    <p class='ocr_par' dir='ltr' id='par_1_5' title="bbox 0 0 1652 5700">
     <span class='ocr_line' id='line_1_37' title="bbox 0 0 1652 5700; baseline 0 0"><span class='ocrx_word' id='word_1_324' title='bbox 0 0 1652 5700; x_wconf 95' lang='lat' dir='ltr'> </span> 
     </span>
    </p>
   </div>
  </div>
 </body>
</html>
