3390 5720
353 1106 570 1199 PAULAE
597 1105 646 1198 dt
671 1105 982 1201 EUSTOCHII

426 1353 596 1408 EPIS‘I'OLA
608 1357 658 1409 AD
673 1357 898 1410 MARCELLAM

195 1550 326 1668 'DE
376 1562 648 1670 LOCIS
708 1562 1109 1674 SANCTIS

180 2240 185 2247 ,
207 2272 230 2291 ι
247 2214 261 2231 s
283 2252 285 2261 ,
321 2206 337 2221 ’“
361 2208 394 2267 „³
414 2189 509 2287 lpost
529 2187 710 2286 passionem
721 2189 860 2260 Domini
877 2194 929 2286 (ut
947 2191 1098 2262 scelerata
1112 2217 1178 2264 vox

175 2290 176 2297 ἵ
202 2318 252 2379 ὲ,
321 2274 369 2389 {s
386 2282 392 2351 i
412 2299 606 2393 concrepat)
623 2295 676 2366 hic
696 2293 892 2368 detestabilis
912 2297 1004 2368 locus
1022 2298 1078 2388 est,
1101 2301 1181 2395 quid

165 2464 175 2509 ,
208 2394 236 2485 ’ᾖ
296 2460 300 2473 ,.
413 2405 516 2476 voluit
539 2403 650 2474 Paulus
673 2403 938 2496 Hierosolymam
963 2404 1122 2499 festinare,
1149 2431 1184 2479 ut

171 2618 251 2673 3⁴³
293 2612 323 2657 ‘³⁸
346 2614 390 2651 “⁹
413 2622 445 2692 se
465 2619 594 2688 locutus
618 2617 674 2707 est,
691 2615 824 2688 dicens:
852 2621 937 2713 Qid
953 2625 1065 2712 fucitis
1076 2629 1185 2715 flentes

149 2730 184 2800 θ’
202 2731 406 2798 conturbantes
423 2755 474 2798 cor
491 2733 615 2796 meum?
639 2729 704 2820 Ego
722 2730 800 2794 enim
817 2728 987 2820 nonsolurn
1004 2730 1110 2824 ligari,
1123 2735 1185 2826 sed

147 2837 184 2908 G·
201 2841 278 2908 mori
296 2841 327 2905 in
344 2836 503 2930 Ierusalem
515 2857 642 2929 paratus
654 2835 726 2926 sum
747 2838 942 2927 pronomine
960 2840 1088 2906 Domini
1104 2839 1181 2930 lesu.

148 2941 247 3041 Qid
260 2943 357 3014 ceteri
374 2942 474 3014 sensti
486 2943 521 3010 δι
537 2938 670 3010 illustres
690 2941 761 3030 viri,
778 2963 921 3035 quorum
937 2965 1016 3014 vota
1034 2944 1069 3013 &
1089 2940 1182 3013 obla·

149 3053 259 3122 tiones
277 3049 349 3145 post
376 3047 635 3144 predicationem
653 3045 771 3117 Christi
797 3045 838 3117 ad
867 3047 989 3140 fratres,
1012 3050 1069 3144 qui
1093 3074 1185 3121 erant

151 3157 402 3250 Hierosolymis,
416 3151 646 3226 deserebantur
658 3157 671 3223 ?
682 3153 834 3250 longum
842 3154 887 3224 est
899 3179 988 3228 nunc
997 3153 1039 3226 ab
1054 3155 1184 3227 ascensu

153 3266 296 3338 Domini
324 3263 424 3358 usque
450 3259 493 3332 ad
517 3260 701 3358 presentem
723 3257 811 3330 diem
840 3285 898 3356 per
922 3257 1060 3359 fingulas
1085 3285 1185 3334 etates

154 3395 292 3462 currere,
302 3371 359 3465 qui
368 3367 610 3466 episcoporum,
624 3367 681 3461 qui
695 3389 886 3457 martyrum,
894 3369 951 3463 qui
961 3367 1186 3464 eloquentium

155 3481 190 3552 in
208 3477 358 3550 dostrina
371 3472 580 3548 ecclesiastica
594 3475 738 3546 virorum
751 3475 899 3545 venerint
910 3475 1187 3568 Hierosolymam,

157 3607 309 3684 putantes
326 3584 433 3656 minus
451 3583 481 3654 se
499 3581 675 3678 religionis,
699 3583 807 3652 minus
829 3577 948 3652 habere
965 3580 1107 3672 scientie,
1125 3608 1188 3653 nec

157 3695 333 3781 summam,
348 3713 383 3761 ut
399 3688 528 3779 dicitur,
545 3713 682 3760 manum
703 3685 863 3784 accepisse
884 3689 1052 3782 virtutum,
1077 3687 1133 3762 nist
1153 3690 1187 3760 in

157 3801 220 3872 illis
238 3796 403 3870 Christum
420 3794 594 3868 adorarent
610 3795 704 3885 locis,
721 3793 763 3866 de
781 3794 898 3891 quibus
920 3797 1065 3894 primum
1087 3827 1188 3874 evan-

158 3908 284 4008 gelium
298 3903 340 3976 de
352 3901 500 4001 patibulo
513 3903 747 3974 coruscaverat
766 3903 867 3975 Certe
882 3901 1016 3977 suetiam
1028 3906 1189 4002 preclarus

158 4037 273 4087 orator
285 4007 592 4107 reprehendendum
604 4009 725 4100 nesci0,
738 4035 836 4105 quem
848 4034 954 4107 putat,
967 4011 1059 4108 quod
1070 4012 1190 4086 litteras
1283 4079 1287 4088 .

159 4145 275 4222 grecas
292 4144 362 4194 non
379 4116 526 4208 Athenis,
551 4114 606 4187 sed
627 4114 758 4208 lilybei,
776 4117 893 4188 latinas
914 4143 984 4190 non
1001 4119 1117 4210 Rome,
1135 4118 1191 4191 sed

160 4233 196 4300 in
216 4225 323 4298 Sicilia
339 4223 498 4312 didicerit,
516 4221 608 4320 quod
624 4221 775 4295 videlicet
796 4249 994 4321 unaqueque
1019 4226 1191 4322 provincia

162 4332 283 4405 haheat
303 4329 427 4427 aliquid
449 4331 631 4427 proprium,
652 4328 744 4424 quod
770 4329 833 4400 alia
862 4356 946 4425 eque
977 4330 1096 4403 habere
1119 4354 1189 4403 non

163 4439 283 4538 possit:
302 4465 360 4512 cur
375 4466 437 4511 nos
454 4462 606 4538 putamus
627 4432 749 4530 absque
766 4438 903 4512 Athenis
929 4439 1043 4513 nostris
1075 4463 1188 4537 quem·
