3354 5706
536 539 605 618 ¹94
953 539 1147 592 Ancutrus

530 759 626 830 refert
644 759 805 849 hrculsus,
822 761 858 829 in
875 757 974 830 tribus
995 762 1159 831 continuis
1178 758 1290 832 diebus
1309 761 1384 856 post
1401 761 1565 858 expleuim

531 891 656 936 annum
679 867 773 963 super
796 893 930 936 aureum
952 865 1069 939 altare⁶
1088 893 1164 938 cum
1187 867 1242 938 tali
1263 868 1408 964 pretioso
1427 869 1567 940 elevatur

532 972 690 1044 thesauro.
718 971 824 1070 Quod
852 976 963 1068 utique
992 974 1143 1045 altarium
1160 977 1195 1045 in
1215 973 1332 1046 eadem
1353 973 1495 1046 habetur
1519 1001 1565 1044 ro

532 1079 635 1151 tunda
651 1078 792 1168 eccleha,
808 1079 892 1151 duos
905 1079 1121 1178 longitudinis
1137 1079 1259 1152 habens
1273 1080 1403 1152 cubitos
1417 1085 1454 1153 ἀ
1466 1109 1565 1154 unum

530 1184 718 1257 latitudinis.
745 1191 777 1258 ln
797 1189 913 1278 ternis,
929 1190 1086 1284 inquam,
1104 1187 1338 1259 tantummodo
1359 1189 1566 1276 anniversarii

531 1291 588 1364 sibi
605 1291 851 1364 succedentibus
869 1291 983 1364 diebus
1001 1292 1169 1366 dominica
1185 1320 1261 1365 crux
1276 1295 1372 1390 super
1388 1295 1493 1366 altare
1509 1295 1567 1366 ele

529 1422 604 1470 vata
623 1401 766 1495 ponitur,
785 1399 849 1470 hoc
867 1400 921 1492 est,
935 1402 969 1472 in
983 1426 1064 1472 cena
1080 1402 1228 1490 Domini,
1242 1426 1310 1496 quo
1325 1399 1567 1497 dieimperator

529 1507 572 1590 &s
592 1509 749 1577 exercitus
781 1507 941 1595 militum,
969 1506 1135 1579 ecclesiam
1164 1509 1319 1578 intrantes
1348 1510 1384 1578 ἃ
1413 1506 1458 1578 ad
1488 1507 1565 1580 illud

530 1612 722 1684 accedentes
740 1615 850 1705 altare,
868 1638 980 1711 aperta
997 1613 1052 1686 illa
1074 1615 1275 1686 sacrosandla
1299 1614 1473 1712 capsellas
1491 1618 1567 1688 salu·

528 1745 632 1792 tarem
649 1721 836 1791 osculantur
852 1745 992 1792 crucem.

578 1828 698 1898 Primus
723 1853 798 1898 ante
821 1853 937 1898 omnes
966 1830 1143 1923 imperator
1173 1825 1259 1898 orbis
1285 1827 1377 1898 illam
1408 1829 1565 1900 inclinato

530 1933 692 2005 osculatur
714 1935 815 2024 vultu,
836 1931 968 2025 deinde,
994 1937 1083 2006 iuxta
1103 1933 1336 2005 conditionum
1361 1936 1415 2006 vel
1443 1961 1564 2007 etatum

529 2041 681 2113 ordinem
699 2067 780 2113 unus
797 2042 870 2138 post
887 2068 990 2111 unum
1005 2040 1176 2132 accedens,
1193 2038 1389 2113 honorabile
1405 2044 1565 2114 osculatur

529 2145 722 2245 patibulum.
742 2145 879 2218 Proinde
896 2149 1033 2220 crastino
1047 2146 1111 2236 die,
1131 2150 1197 2219 hoc
1215 2148 1269 2238 est,
1287 2148 1374 2218 sexta
1392 2148 1475 2220 seria
1493 2173 1565 2220 ante

529 2256 659 2353 pascha,
678 2255 822 2350 regina,⁶
839 2259 1035 2326 matrone&
1049 2282 1164 2328 omnes
1176 2256 1292 2354 populi
1307 2256 1460 2328 mulieres
1473 2256 1564 2352 supra

528 2384 714 2431 memorato
742 2359 857 2432 ordine
883 2360 1103 2432 accedunt&
1129 2388 1205 2432 cum
1233 2364 1326 2434 omni
1351 2364 1564 2434 veneratione

528 2466 722 2537 osculantur.
743 2467 854 2538 Tertio
875 2467 938 2557 die,
957 2468 1023 2538 hoc
1039 2469 1083 2540 est
1101 2467 1236 2541 sabbato
1262 2469 1418 2567 paschali,
1437 2469 1561 2565 episco-

528 2597 588 2668 pus
605 2575 640 2644 ἃ
657 2575 820 2646 universus
834 2575 912 2671 poll
932 2602 1008 2647 eum
1026 2575 1128 2647 clerus
1145 2602 1221 2647 cum
1234 2578 1352 2647 timore
1368 2578 1403 2646 δι
1421 2599 1562 2646 tremore

526 2684 562 2751 &
573 2683 752 2780 omnigena
764 2681 1015 2754 honorificentia
1026 2682 1386 2774 acceduntordinatim,
1396 2681 1565 2754 victoriale

527 2787 708 2860 osculantes
721 2788 857 2887 lignum,
872 2791 906 2859 in
916 2785 1124 2886 l'uapohtum
1142 2791 1247 2888 capsa.
1262 2789 1435 2884 finitisque
1448 2787 1563 2859 sanslis

526 2896 561 2965 ἅ
581 2893 706 2966 letificis
728 2893 845 2966 talibus
868 2896 1069 2967 sacrosansle
1094 2899 1196 2968 crucis
1218 2893 1485 2986 osculationibus,
1512 2894 1563 2964 illa

527 3002 719 3075 venerabilis
735 3003 831 3100 capsa
849 3001 1021 3095 clauditur,
1039 3005 1074 3074 ἃ
1090 3002 1133 3074 ad
1153 3005 1245 3074 suum
1263 3028 1340 3074 cum
1358 3003 1414 3075 tali
1426 3003 1560 3075 honori·

527 3105 592 3178 fico
612 3109 764 3182 thesauro
782 3131 965 3208 reportatur
982 3110 1165 3180 armarium.

574 3215 637 3286 Sed
651 3220 685 3287 δι
699 3217 765 3287 hoc
778 3242 846 3287 non
863 3217 1068 3314 negligenter
1080 3217 1287 3305 intuendum,
1303 3214 1475 3312 quodnon
1484 3215 1563 3304 duo,

525 3319 581 3392 sed
609 3325 668 3394 tria
694 3322 818 3395 ibidem
845 3326 947 3393 crucis
971 3321 1152 3394 habeantur
1173 3320 1283 3395 brevia
1299 3324 1401 3420 ligna,
1425 3323 1493 3392 hoc
1510 3322 1563 3410 est,

527 3430 741 3500 transversum
759 3431 897 3528 lignum,
916 3432 951 3501 ἃ
965 3430 1104 3528 longum
1117 3431 1253 3502 incisum
1266 3433 1300 3500 ὅ(
1317 3431 1350 3498 in
1368 3426 1450 3500 duas
1463 3455 1562 3525 equas

527 3534 667 3606 divisum
691 3561 809 3631 partes,
833 3564 851 3607 e
876 3533 992 3631 quibus
1011 3537 1173 3633 tripartitis
1190 3532 1439 3607 honorabilibus
1456 3534 1562 3632 lignis,

527 3641 662 3738 quando
685 3643 739 3714 illa
763 3645 904 3740 aperitur
930 3643 1038 3739 capsa,
1056 3643 1128 3712 miri
1150 3642 1261 3713 odoris
1279 3642 1466 3741 fragrantia,
1485 3637 1562 3711 acsi

527 3751 678 3819 omnium
696 3747 815 3820 florum
834 3746 915 3820 inibi
931 3750 1157 3841 colledorum,
1170 3747 1325 3820 mirabilis
1342 3748 1443 3845 plena
1461 3747 1561 3818 suavi·

526 3878 591 3927 rate
615 3856 766 3947 exoritur,
788 3857 905 3926 satians
933 3857 968 3926 ἃ
995 3852 1153 3927 letificans
1180 3880 1295 3925 omnes
1323 3855 1357 3924 in
1383 3853 1560 3951 propatulo

526 3964 610 4032 intra
627 3961 711 4032 illius
730 3959 859 4032 ecclefie
876 3963 1014 4058 parietes
1028 3961 1196 4031 interiores
1214 3957 1348 4058 postus,
1367 3961 1423 4054 qui
1440 3957 1561 4030 eodem

463 4101 467 4112 =
527 4069 683 4165 temporis
713 4067 817 4163 spatio
842 4069 998 4139 intrantes
1018 4067 1115 4157 stant3
1137 4092 1217 4138 nam
1238 4065 1279 4136 de
1299 4064 1417 4138 nodiss
1431 4091 1560 4138 eorum·

561 4252 584 4285 a.
605 4235 676 4286 Bern.
698 4233 742 4286 sub
764 4234 841 4286 altare
861 4251 954 4286 ereum.
977 4263 1010 4272 -
1072 4234 1163 4302 regine.
1182 4263 1215 4272 -
1233 4235 1259 4287 d.
1277 4235 1303 4286 B.
1318 4251 1375 4286 natu
1391 4234 1416 4285 δι
1429 4231 1512 4296 nobis,
1528 4233 1558 4284 G.

526 4314 552 4365 b.
566 4312 646 4382 Grers.
659 4311 760 4383 capella.
776 4341 809 4352 —
824 4331 845 4366 c.
860 4313 900 4364 Sic
911 4329 962 4381 ego,
975 4312 1010 4365 al.
1073 4313 1105 4365 de
1123 4313 1205 4365 nobis.
