3354 5706
547 539 615 593 222
869 539 975 594 BEDA
1002 539 1251 596 VENERABILIS

542 751 732 824 herbosa&
748 751 867 826 florida
883 755 942 826 soli
957 756 1041 828 illius
1058 757 1104 829 est
1119 757 1265 854 qualitas.
1283 763 1317 830 ln
1336 760 1428 830 citius
1444 760 1577 830 summo

543 861 673 952 vertice,
697 858 752 932 ubi
768 862 933 934 Dominus
950 861 994 934 ad
1010 863 1098 934 celos
1119 862 1275 957 ascendit,
1295 867 1417 962 ecclefiu
1433 871 1577 954 mamm,

542 966 687 1064 grandis,
705 991 810 1040 ternas
827 992 886 1064 per
915 969 1085 1040 circuitum
1112 993 1290 1042 cameratas
1313 969 1414 1043 habet
1429 974 1578 1068 porticus

543 1072 680 1170 desuper
705 1097 816 1145 textas.
844 1076 976 1146 interior
992 1099 1138 1172 namque
1163 1074 1282 1147 domus
1301 1101 1437 1174 propter
1458 1077 1578 1149 Domi-

543 1181 608 1252 nici
625 1181 772 1276 corporis
789 1205 934 1252 meatum
948 1183 1105 1254 camerari
1121 1184 1157 1253 ἀ
1173 1183 1240 1281 tegi
1256 1208 1326 1255 non
1339 1185 1461 1280 potuir7
1478 1185 1579 1258 altare

543 1284 587 1357 ad
619 1288 780 1360 orientem
811 1287 935 1362 habens
964 1289 1102 1387 angusto
1136 1290 1278 1362 culmine
1305 1295 1516 1386 proredium:
1546 1296 1578 1364 in

543 1394 632 1464 cuius
641 1392 754 1466 medio
767 1394 883 1468 ultima
891 1397 1032 1468 Domini
1043 1397 1187 1494 vestigia,
1201 1397 1274 1470 celo
1283 1397 1424 1494 desuper
1432 1422 1578 1493 parente,

543 1495 598 1572 ubi
617 1499 772 1590 ascendit,
791 1502 948 1575 visuntur.
965 1505 1054 1601 Qe,
1073 1529 1150 1576 cum
1167 1505 1352 1601 quotidiea
1369 1501 1578 1576 credentibus

542 1629 627 1678 terra
649 1608 790 1701 tollatur,
815 1610 1028 1686 nihilominus
1055 1627 1211 1685 manent⁶
1234 1613 1446 1708 eandemque
1470 1609 1577 1683 adhuc

542 1713 588 1784 sui
612 1715 765 1813 speciem,
790 1718 890 1790 veluti
914 1718 1071 1816 impressis
1095 1716 1219 1816 signata
1242 1719 1393 1816 vestigiis,
1420 1715 1578 1790 servant*

542 1820 616 1891 Hec
640 1823 725 1894 circa
754 1849 828 1895 erea
849 1849 922 1897 rota
943 1827 1029 1896 iacet
1054 1825 1155 1920 usque
1180 1824 1222 1897 ad
1237 1828 1418 1900 cervicem‘
1441 1825 1519 1916 alta,
1538 1821 1577 1895 ab

542 1929 660 1999 occasu
684 1927 807 2002 habens
824 1933 1008 2023 introitum,
1032 1929 1198 2028 pendente
1218 1931 1355 2030 desuper
1372 1933 1407 2003 in
1426 1931 1577 2004 trochleis

542 2060 665 2133 magna
685 2037 839 2134 lampade
861 2064 996 2134 totaque
1019 2043 1117 2111 noete
1142 2065 1182 2110 ac
1203 2038 1256 2111 die
1277 2041 1418 2112 lucente.
1441 2043 1476 2110 ln
1493 2039 1576 2108 occi·

541 2139 665 2215 dentali
682 2143 827 2216 eiusdem
850 2143 980 2217 ecclesie
1003 2171 1096 2242 parte
1120 2145 1255 2218 fenestre
1271 2150 1350 2218 odio
1368 2145 1576 2241 totidemque

546 2277 563 2322 e
579 2253 716 2349 regione
732 2251 902 2350 lampades
923 2255 956 2326 in
976 2251 1105 2326 funibus
1132 2253 1313 2350 pendentes
1339 2253 1443 2350 usque
1461 2253 1575 2324 Hiero-

544 2356 706 2450 solymam
724 2384 782 2455 per
800 2359 919 2432 vitrum
941 2359 1080 2458 fulgent,
1098 2387 1237 2456 quarum
1253 2361 1308 2433 lux
1329 2357 1435 2432 corda
1455 2362 1577 2432 intuen-

544 2465 626 2536 tium
651 2490 728 2535 cum
752 2463 897 2562 quadarn
922 2466 1138 2540 alacritate&
1165 2469 1428 2566 compunclione
1448 2467 1576 2564 pavefa-

544 2595 616 2641 cere
645 2568 769 2643 dicitur.
790 2576 824 2644 ln
842 2570 896 2643 die
913 2569 1107 2644 ascenfionis
1125 2573 1302 2646 Donunice
1318 2599 1377 2671 per
1397 2599 1506 2646 annos
1519 2571 1575 2646 stn-

418 2677 422 2682 ’
543 2677 657 2774 gulos,
682 2674 774 2750 missa
793 2682 939 2774 perassa,
966 2674 1065 2750 validi
1088 2676 1228 2750 flaminis
1245 2680 1391 2777 procella
1413 2679 1575 2752 desursum

545 2785 653 2855 venire
679 2784 849 2857 consuevit
875 2786 910 2855 dt
935 2809 1072 2876 omnes,
1100 2787 1210 2881 quiin
1239 2782 1371 2856 ecclefia
1403 2785 1575 2878 adfuerint,

544 2913 626 2962 terre
650 2891 860 2987 prosternere.
888 2892 956 2962 Tor
977 2889 1024 2963 ibi
1039 2891 1094 2962 illa
1120 2895 1219 2962 nodie
1246 2892 1376 2964 lucerne
1397 2892 1526 2984 ardent,
1543 2919 1575 2964 ut

544 3023 613 3070 non
637 2997 782 3069 illustrari
804 3021 942 3090 tantum,
968 2996 1024 3069 sed
1051 3001 1085 3070 &
1111 2997 1224 3072 ardete
1247 3023 1344 3072 mons
1360 3003 1397 3072 ἀ
1415 3000 1574 3100 supposita

545 3103 619 3177 loca
637 3103 818 3176 videantur.

592 3211 627 3283 lit
638 3210 731 3282 huius
744 3207 872 3282 basilice
884 3210 1023 3310 figuram
1036 3239 1094 3310 pre
1107 3213 1210 3284 oculis
1228 3212 1410 3311 depingere
1420 3215 1572 3312 placuitd

592 3322 829 3391 monumentum
846 3323 952 3412 lupari
965 3317 1097 3392 ecclesia
1109 3319 1233 3392 ibidem
1247 3320 1405 3392 exstrusla
1421 3320 1570 3394 demons-

544 3447 605 3496 trat
624 3423 903 3498 &monasterium
916 3425 1054 3524 grande,
1067 3429 1100 3498 in
1120 3452 1241 3526 campo
1260 3425 1411 3523 quodam
1423 3429 1571 3500 Bethania

544 3557 666 3628 magna
691 3529 853 3603 olivarum
877 3529 954 3605 silva
978 3531 1188 3605 circumdata.
1211 3533 1257 3605 Est
1286 3558 1398 3606 autem
1423 3535 1571 3607 Bethania

544 3634 734 3732 quindecim
751 3635 857 3707 stadiis
870 3636 912 3710 ab
926 3639 1137 3712 Hierusalem.
1156 3639 1261 3710 ‘l'errt’u
1276 3665 1413 3736 quoque
1431 3638 1571 3712 eiusdem

544 3745 665 3814 montis
690 3742 732 3814 ad
758 3741 927 3818 australem
953 3746 1106 3818 Bethanie
1135 3771 1262 3844 partem
1291 3751 1411 3844 ecclefta
1437 3747 1493 3838 eli,
1520 3746 1571 3819 ubi

543 3851 707 3922 Dominus
720 3874 796 3922 ante
808 3851 988 3948 pastionem
1001 3851 1162 3950 discipulis
1178 3852 1221 3926 de
1234 3853 1286 3924 die
1297 3851 1407 3946 iudicij
1422 3854 1570 3950 loquitur.

579 4147 602 4183 a.
615 4131 659 4185 Ed.
671 4131 768 4202 Grets.;
788 4133 822 4186 al.
836 4145 929 4201 manet,
945 4146 973 4187 ut
984 4135 1029 4201 W„
1091 4137 1167 4189 tieem
1181 4135 1228 4189 vel
1240 4135 1398 4202 cummim
1410 4149 1502 4190 mutu
1520 4154 1570 4190 ser·

547 4213 599 4274 Pa„
615 4215 653 4265 Pc.
670 4241 703 4252 -
716 4215 741 4266 b.
755 4215 799 4266 Ed.
814 4215 1028 4282 Bas.,Gretfi,as.
1091 4217 1568 4288 ticeru.-d.Deej1bastlicefgw

546 4292 634 4361 servat,
644 4305 671 4346 ur
679 4293 724 4360 W„
734 4295 787 4362 Pa„
798 4296 836 4347 Pc.
848 4323 879 4334 -
894 4312 916 4351 c.
926 4295 966 4348 At.
976 4313 1030 4350 ver·
1084 4299 1145 4370 sere
1157 4297 1184 4350 in
1192 4297 1300 4351 omibus
1314 4297 1362 4368 nst.
