3296 5700
514 537 584 614 274
668 533 995 587 SANCTIMONIALIS
1021 531 1375 586 HEYDENHEIMENSIS

510 755 687 830 transivit!
709 756 865 849 Cumque
886 754 1089 827 venerandus
1109 757 1158 828 vir
1177 751 1384 826 Willibaldus
1406 758 1441 825 ἀ
1456 751 1542 825 Tid-

509 863 695 958 berchtus‚⁶
713 868 768 962 qui
795 891 872 936 cum
893 891 935 936 eo
961 862 1119 962 pergebat
1140 890 1200 960 per
1226 865 1348 954 omnia,
1369 866 1541 960 pervenie-

509 970 611 1043 bant‘
632 972 675 1045 ad
701 977 842 1044 dandum
865 975 1071 1059 Benedidam,
1100 996 1171 1041 non
1191 969 1392 1067 reperiebant
1413 968 1457 1041 ibi
1485 968 1541 1042 nifi

509 1105 633 1175 paucos
651 1079 835 1150 monachos
854 1075 1060 1150 &abbatem
1076 1080 1213 1149 nomine
1232 1080 1449 1149 Petronacem.
1470 1079 1541 1148 Sta·
1635 1079 1636 1112 ³

508 1188 632 1283 timque
654 1187 706 1258 ille
732 1210 858 1284 magno
888 1186 1006 1256 mentis
1028 1183 1257 1255 moderamine
1279 1188 1313 1255 &
1341 1184 1540 1284 dogmatum

507 1295 644 1392 ingenio
665 1293 794 1364 felicem
811 1293 946 1364 fratrum
964 1288 1254 1380 contuberniam,¹¹
1268 1290 1381 1363 sedulis
1398 1291 1541 1390 disputa·

508 1398 649 1471 tionibus
658 1398 858 1488 admonitus,
870 1415 880 1442 ²
896 1423 965 1468 non
975 1397 1080 1467 solum
1090 1394 1206 1488 verbis,
1216 1396 1271 1468 sed
1281 1423 1411 1469 morum
1424 1401 1540 1472 venus-

508 1505 599 1578 tatef
610 1504 770 1578 vifitando
789 1504 943 1596 docebat,
967 1509 1002 1576 dt
1019 1509 1104 1575 recle
1122 1504 1379 1576 constitutionist
1397 1507 1541 1578 formam

507 1610 734 1684 &cenobialis
751 1614 817 1684 vite
835 1638 988 1684 normam
1005 1614 1038 1682 in
1056 1612 1229 1708 semetipso
1248 1611 1454 1685 ostendendo
1468 1641 1541 1713 pre·

507 1717 616 1810 bebat,
634 1721 730 1790 itaut
755 1721 907 1790 omnium
924 1744 1073 1790 amorem
1092 1719 1144 1789 seu
1169 1721 1323 1790 timorem
1346 1721 1380 1791 in
1400 1721 1542 1819 seipsum

508 1825 724 1923 provocando
747 1824 920 1898 accerfiret.
947 1825 982 1897 Et
998 1828 1032 1897 in
1050 1828 1161 1923 primo
1180 1852 1270 1898 anno
1294 1828 1371 1899 illuc
1395 1829 1541 1916 veniens,

508 1931 723 2005 cubicularius
749 1934 808 2004 fuit
825 1930 966 2025 ecclesie,
987 1936 1073 2006 &in
1090 1932 1236 2004 fecundo
1258 1959 1327 2006 erat
1345 1933 1492 2006 decanus
1509 1939 1540 2004 in

510 2040 705 2111 monasterio
725 2044 759 2111 &
776 2041 889 2137 postea
906 2042 1010 2111 otto*
1026 2066 1131 2112 annos
1154 2039 1214 2110 fuit
1228 2042 1388 2136 portarius
1406 2042 1442 2112 in
1459 2040 1540 2113 duo-

506 2145 566 2218 bus
595 2147 814 2239 monasteriis3
843 2172 983 2243 quatuor
1013 2172 1118 2218 annos
1144 2170 1212 2217 erat
1238 2148 1398 2242 portarius
1423 2149 1459 2219 in
1483 2149 1539 2219 illo

507 2253 713 2344 monasterio,
739 2252 833 2348 quod
855 2255 913 2325 stat
937 2256 1030 2351 supra
1046 2255 1080 2324 in
1098 2277 1213 2325 monte
1234 2252 1330 2325 valde
1347 2255 1487 2348 excelso,
1506 2257 1539 2324 dt

506 2358 587 2429 alios
610 2385 749 2453 quatuor
775 2386 843 2432 erat
867 2363 900 2432 in
924 2361 988 2432 alio
1014 2361 1224 2451 monasterie,
1252 2359 1344 2455 quod
1369 2363 1457 2434 infra
1481 2361 1540 2432 stat

507 2467 595 2537 iuxta
610 2493 743 2538 amnem
759 2473 921 2564 inspiciunt.
936 2471 944 2512 ”
959 2468 993 2538 Et
1009 2466 1120 2540 abillo
1133 2469 1331 2540 monasterio
1344 2468 1419 2539 sunt
1436 2466 1505 2538 duo
1525 2465 1539 2526 i
1637 2459 1638 2480 ¹

507 2571 652 2644 milliaria
668 2574 711 2646 ad
729 2575 829 2647 alium
848 2575 1090 2666 monasterium,
1109 2574 1201 2670 quod
1216 2576 1276 2646 stat
1288 2577 1322 2646 in
1339 2599 1466 2648 monte.

552 2681 847 2777 Tranfafiaitaque
861 2706 938 2752 tunc
961 2680 1090 2752 *decem
1103 2709 1269 2754 annorum
1281 2681 1539 2779 intercapedine,

505 2786 709 2860 venerandus
730 2787 783 2858 ille
804 2790 852 2858 vir
866 2783 1088 2879 Willibaldus,
1110 2790 1234 2861 sacram
1250 2790 1350 2860 [ancli
1371 2786 1538 2862 Benedicti

506 2895 659 2992 regularis
671 2895 991 2982 viteinstitutionem,
1010 2921 1111 2990 quam
1123 2898 1360 2993 omnipotentis
1372 2897 1439 2967 Dei
1451 2896 1538 2966 aurti-

505 3001 550 3071 lio
573 3001 771 3097 illorumque
795 2999 1011 3093 adminiculo,
1034 3027 1117 3098 quos
1141 3003 1235 3098 super
1260 3003 1364 3102 longa
1384 3002 1537 3073 locorum
1638 3079 1639 3084 .

504 3105 657 3178 stadia&
674 3097 768 3205 lupen
788 3108 891 3179 vastas
916 3111 1104 3207 marginum
1125 3112 1194 3182 vias
1216 3112 1249 3180 in
1274 3108 1538 3207 redemptionem

504 3215 614 3284 anime
629 3216 708 3284 &in
728 3239 829 3310 opem
843 3216 998 3312 presentis
1015 3217 1080 3290 vite
1096 3215 1292 3312 requirebat,
1311 3214 1536 3304 omnimodo,

504 3343 603 3415 prout
629 3320 698 3391 fore
718 3319 847 3416 'pollio
875 3319 1045 3395 observare
1066 3322 1257 3395 conabatur.
1284 3322 1319 3393 lit
1340 3349 1409 3394 non
1431 3323 1535 3394 solum

505 3427 584 3523 ipse,
610 3423 666 3497 sed
682 3430 717 3497 ἃ
733 3427 814 3498 alios
838 3453 916 3500 cum
938 3429 1021 3500 ittor·
1033 3430 1066 3500 in
1085 3427 1272 3501 veneranda
1297 3429 1451 3526 regularis
1473 3431 1536 3502 vite

504 3532 637 3630 vestigia
653 3533 823 3630 preeundo
841 3534 1050 3631 perducebat.

538 3911 563 3944 a.
581 3895 608 3946 C.
625 3892 751 3946 transibat.
771 3924 806 3933 -
826 3895 849 3944 b.
862 3893 987 3947 C.Theo-
1051 3894 1168 3947 veritatis.
1197 3925 1232 3933 -
1261 3912 1287 3964 g.
1316 3895 1342 3948 G.
1369 3893 1533 3948 institutionis

504 3971 914 4043 debetchtus;1'.Diapettus.-
928 3975 986 4028 uc.
1050 4003 1085 4014 -
1111 3974 1134 4027 h.
1158 3975 1186 4028 C.
1209 3975 1313 4044 septem.
1336 4003 1368 4014 -
1391 3972 1407 4026 i.
1432 3977 1461 4028 C.
1484 3976 1535 4026 Ra-

504 4053 678 4121 permeabant.
691 4081 726 4090 -
738 4054 765 4105 d.
780 4055 807 4106 C.
822 4051 879 4105 felix
892 4053 912 4106 f.
929 4069 990 4106 con·
1051 4055 1129 4126 pitho.
1148 4085 1184 4094 —
1195 4057 1217 4123 j.
1239 4057 1266 4108 C.
1282 4053 1401 4124 quinque.
1415 4085 1452 4094 -
1465 4057 1491 4108 lc
1508 4057 1532 4106 C.

506 4129 657 4183 tubernium.
671 4148 740 4183 -ο,
754 4132 783 4185 C.
794 4129 990 4199 disputationum
1052 4145 1143 4186 tumen.
1169 4162 1201 4173 ·—
1221 4133 1237 4185 l.
1259 4134 1286 4187 C.
1306 4133 1376 4186 ferre.
1400 4167 1423 4178 -
1450 4151 1485 4186 tn.
1506 4137 1532 4191 C.

505 4209 726 4262 admonitionibus.
749 4241 785 4250 -
804 4210 823 4262 f.
840 4210 944 4280 Siced.,·
966 4213 990 4264 F.
1051 4213 1091 4282 ips
1105 4251 1111 4264 .

505 4289 616 4341 moribus
643 4289 789 4358 venustatis3
821 4293 851 4343 C.
879 4291 991 4344 motibus
