3354 5706
876 579 880 590 ·
923 551 1118 603 ARCULFUS

780 791 924 882 LIBER
958 789 1280 882 SECUNDUS.

957 973 1107 1012 CAPITULA.

623 1051 647 1116 l.
673 1054 721 1115 De
729 1052 789 1140 sttu
804 1052 972 1116 Bethlehem.

605 1139 645 1204 II.
671 1143 719 1204 De
732 1142 787 1204 loco
801 1141 959 1204 nativitatis
972 1141 1098 1224 Domini,
1113 1139 1223 1223 ecclefia
1239 1141 1334 1202 Sancte
1348 1140 1462 1204 Marie.

592 1227 648 1293 III.
673 1232 721 1293 De
744 1231 798 1293 illa
819 1245 903 1314 petra
927 1247 1010 1294 extra
1034 1255 1147 1293 murum
1163 1229 1234 1316 fita,
1247 1227 1445 1317 superquam
1467 1253 1555 1312 aqua

720 1321 813 1404 prime
826 1319 979 1383 lavationis
992 1321 1057 1398 eius,
1068 1321 1130 1404 pcfi
1142 1319 1328 1398 nativitatem,
1343 1317 1424 1405 ffes
1418 1343 1437 1381 α
1451 1320 1506 1402 cst.

588 1405 646 1472 IV.
672 1408 720 1472 De
742 1409 802 1472 alia
824 1406 946 1494 ecclesa,
966 1409 994 1470 in
1017 1433 1073 1492 qua
1093 1408 1170 1471 illud
1179 1409 1357 1471 Davidicum
1376 1406 1556 1494 conspicitur

722 1512 922 1559 monumentum
928 1515 951 1558 .²

605 1585 644 1648 V.
669 1586 719 1660 De
739 1586 794 1649 illa
808 1585 931 1669 ecclesia,
950 1589 979 1649 in
994 1588 1070 1650 euius
1083 1587 1212 1649 interiore
1230 1600 1314 1670 parte
1326 1581 1423 1671 saneti
1435 1583 1555 1648 Hiere-

589 1758 644 1825 VI.
672 1671 1147 1828 DeninhheieIPeIIIIlIoidehettiibm
1158 1765 1314 1848 pallorum,
1330 1786 1400 1845 quos,
1415 1759 1557 1849 noscente

724 1850 863 1930 Domino,
882 1854 982 1936 celestis
1001 1853 1190 1939 circumsulſst
1206 1853 1363 1931 claritudo,
1380 1853 1413 1913 de
1432 1851 1555 1937 eccleſsa

722 1939 846 2004 illorum.

571 2023 643 2090 VII.
668 2028 717 2090 De
724 2025 859 2115 sepulcro
874 2030 993 2094 Rachel.

559 2113 647 2179 VIII.
672 2116 721 2178 De
735 2117 865 2181 Hebron.

589 2202 646 2267 IX.
672 2205 720 2267 Dc
742 2207 820 2268 valle
843 2205 984 2271 Mambre
1006 2209 1040 2270 Εἴ
1060 2211 1093 2272 de
1107 2207 1249 2296 sepulcris
1270 2221 1391 2290 quatuor
1409 2207 1555 2290 patriar-

723 2294 851 2358 chorum.

604 2382 645 2444 X.
672 2382 720 2444 Dc
734 2384 800 2446 colle
813 2387 847 2447 ὅ
863 2409 966 2467 quercu
980 2385 1132 2449 Mambre.

592 2468 648 2533 Xl.
674 2470 722 2532 De
739 2473 840 2556 pineto,
860 2498 893 2535 ex
915 2498 965 2557 quo
985 2475 1064 2557 ligno
1084 2475 1112 2536 in
1132 2475 1242 2537 camelis
1256 2476 1298 2536 ad
1307 2472 1377 2556 ignis
1390 2473 1555 2556 ministerio

722 2561 751 2621 έπ
766 2559 968 2652 Hierosolymis
979 2563 1151 2647 perficienda
1160 2563 1316 2640 ‚vehuntun

572 2644 645 2710 XII.
671 2647 720 2711 De
735 2649 850 2714 Iericho.

558 2732 648 2814 XIII.
676 2737 722 2799 De
739 2737 881 2820 Galgalis‚
894 2743 928 2803 se
942 2741 975 2803 dc
988 2741 1126 2802 duodecim
1140 2741 1290 2825 lapidibus,
1302 2739 1429 2824 quosfile'j
1439 2737 1554 2826 Israel,

724 2824 917 2911 transvadato
933 2828 1063 2892 Iordanis
1070 2829 1178 2914 fluvio,
1186 2828 1290 2914 ſsccoto
1307 2829 1469 2891 detulerunt
1477 2845 1554 2912 pro-

745 2916 827 2978 undo.

557 2999 646 3065 XIV.
672 2915 798 3082 Desino,
812 3005 840 3065 in
856 3029 907 3087 quo
922 3004 1060 3069 Domiuus
1075 3007 1111 3068 ab
1127 3006 1249 3071 Iohanne
1263 3005 1425 3090 baptizatus
1438 3005 1486 3090 est.

573 3091 647 3154 XV.
672 3091 721 3154 De
735 3092 823 3154 colore
838 3093 969 3155 Iordanis
983 3095 1017 3156 &I
1030 3095 1156 3156 domari
1169 3093 1299 3158 Mortuo.

557 3177 647 3243 XVI.
675 3179 781 3242 Iterum
795 3181 828 3241 de
842 3181 920 3242 mari
933 3180 1063 3244 Mortuo.

542 3265 647 3332 XVII.
672 3267 855 3351 Desentibus
869 3269 1007 3332 Iordanis.

525 3353 648 3421 XVIII.
673 3356 723 3417 De
736 3357 814 3419 mari
829 3355 948 3419 Golilee.

557 3443 646 3508 XIX.
672 3444 721 3506 De
735 3443 837 3506 Sichem
850 3448 884 3508 fid
897 3459 975 3528 puteo
989 3445 1126 3509 Samarie.

572 3533 646 3597 XX.
672 3532 721 3594 De
735 3534 999 3617 quadamfonticulo
1006 3533 1175 3622 solitudinis.

558 3617 648 3685 XXI.
674 3621 723 3682 De
737 3621 845 3705 locustis
858 3625 892 3686 [¹5
906 3624 985 3686 melle
993 3623 1133 3709 ſslvestri.
1517 3681 1522 3690 .

543 3707 648 3774 XXII.
674 3709 723 3773 Dc
741 3710 805 3787 loco,
822 3711 851 3772 in
871 3735 922 3793 quo
940 3710 1078 3774 Dominus
1097 3712 1214 3794 quinque
1228 3727 1316 3796 panes
1331 3713 1366 3774 ἐπ’
1379 3712 1447 3774 duos
1458 3711 1551 3800 posces

724 3799 866 3861 benedixit.

532 3883 656 3951 XXIII.
681 3886 729 3948 De
742 3887 820 3949 mari
837 3885 1041 3951 Tiberiadis&
1055 3890 1087 3950 de
1102 3885 1317 3971 Caphornaum.

520 3973 642 4040 XXIV.
669 3975 719 4038 De
733 3974 940 4039 Nazareth&
954 3974 1069 4061 ecclcstis
1083 3975 1147 4038 eius.

547 4061 653 4125 XXV.
679 4062 729 4124 De
741 4076 829 4125 monte
847 4061 951 4125 Tabor.

528 4148 651 4214 XXVI.
676 4150 725 4212 De
738 4148 896 4237 Damasco.

513 4237 651 4302 XXVII.
678 4240 726 4302 De
744 4237 826 4323 Tyro.

513 4325 667 4392 XXVIII.
678 4329 728 4391 Dc
742 4328 923 4390 Alexandria
936 4331 970 4392 &I
985 4328 1056 4391 Nilo
1062 4329 1185 4413 flumine
1197 4333 1231 4394 [¹5
1245 4330 1384 4393 crocodilis
1397 4331 1463 4393 cius.

548 4452 563 4486 a
587 4438 619 4488 G.
629 4435 775 4507 sepulcrum.
