3448 5718
290 557 385 610 x-x1.
414 555 702 610 uoumnomcou
721 555 861 608 sanem
880 556 1123 608 numanam.
1193 538 1233 626 xlj

200 773 359 836 XXXIX
359 791 393 820 ⁶¹²¹
413 773 536 834 continet.
554 769 696 856 Augienfis
709 773 790 834 codex
806 772 941 860 nonsatis
954 773 1098 852 diligenter
1108 771 1237 858 scriptus

200 874 249 958 ιβ,
258 893 456 953 nonnunquam
468 871 549 933 etiam
560 873 601 933 ita
615 885 733 955 tempore
748 871 883 956 corrosus,
898 885 930 931 ut
936 885 989 952 pro
1000 871 1161 933 litterarum
1169 872 1236 955 pal·

200 971 261 1031 loro
274 970 343 1031 lettu
358 968 477 1055 difficilis
487 971 538 1050 fit·
552 983 683 1031 catorum
699 968 742 1030 illi
755 991 807 1029 non
821 991 954 1049 magnum
971 969 1096 1050 pretium
1111 970 1236 1032 tribuen-

199 1069 271 1130 dum
291 1069 339 1150 est,
361 1067 408 1148 qni
432 1090 493 1128 cnm
514 1065 686 1151 Friſsngenst
704 1067 792 1128 codice
807 1067 878 1148 fere
898 1067 926 1126 in
949 1067 1072 1130 omnibus
1092 1082 1237 1150 congruat.

201 1165 231 1227 E
243 1188 349 1247 magno
365 1165 510 1226 amborum
525 1165 645 1226 codicum
660 1163 806 1224 concordia
821 1162 923 1246 neccſje
938 1165 983 1248 ιβ,
999 1178 1031 1225 nt
1047 1165 1239 1228 concludamus

201 1261 411 1350 Frifingensem
426 1285 459 1322 ex
473 1259 609 1344 Angienst
622 1261 826 1348 transcriptum
848 1259 911 1342 effe,
928 1274 981 1321 aut
994 1263 1103 1342 utrique
1118 1265 1239 1325 eumdem

201 1359 295 1422 adhuc
317 1360 499 1441 antiquiorem
520 1359 636 1420 codicem
658 1373 711 1440 pro
733 1357 880 1440 archetypo
893 1357 999 1441 fuiffe.
1023 1359 1144 1422 Mirum
1172 1383 1240 1422 vero

203 1457 243 1539 ιβ
263 1457 338 1538 qnod
348 1455 499 1541 Augiensts
521 1457 603 1518 codex
624 1469 681 1516 tum
705 1454 812 1540 definit,
833 1479 917 1535 quum
935 1470 1016 1538 papa
1036 1456 1081 1518 W
1079 1457 1239 1520 illihaldum

130 1551 133 1556 ¹
202 1555 327 1638 ncosbum
343 1555 485 1633 bortatur,
501 1555 597 1615 utitor
612 1555 641 1614 in
658 1552 845 1615 Germaniam
866 1550 1047 1637 adsantlum
1061 1555 1241 1638 Bonisacium

202 1649 350 1737 suscipiat,
370 1675 399 1714 eo
413 1667 506 1734 nempe
528 1667 647 1734 tempore
667 1674 718 1733 quo
729 1651 920 1734 peregrinatio
928 1651 1017 1734 finita
1038 1655 1080 1736 ss,
1093 1657 1126 1716 &
1140 1655 1241 1735 verist-

202 1748 308 1812 militer
320 1749 432 1811 dietata
443 1747 557 1833 ceffant.
576 1749 656 1810 Unde
666 1749 880 1810 concludendum
886 1748 996 1835 forsan
1009 1747 1083 1832 effet,
1097 1751 1241 1813 monialem

202 1843 485 1932 Heydenbeimensem
497 1861 606 1908 tantum
621 1845 789 1908 Willibaldi
796 1845 1047 1928 peregrinationem
1062 1848 1242 1932 narraviſje,

202 1946 296 2028 postca
308 1959 400 2008 autem
409 1945 537 2026 quadarn
550 1944 686 2006 breviora
699 1945 732 2006 de
743 1944 800 2006 eius
809 1944 868 2027 pss
876 1943 1060 2032 episcopatum
1070 1947 1133 2007 uita
1145 1947 1242 2008 addito

194 2040 326 2126 fuce·¹

245 2282 253 2313 ι
271 2262 368 2315 Saeculo
384 2266 422 2315 Χο
436 2263 547 2329 finiente,
571 2261 694 2331 Reginoi·

205 2343 263 2410 dua,
279 2343 463 2396 Eichllettensn
475 2341 606 2412 episcopus
620 2346 695 2410 (9⁶5-

207 2425 283 2492 989),
296 2422 418 2475 Monialis
428 2423 570 2476 narratione
582 2423 638 2474 usus
652 2423 696 2484 est,

205 2504 238 2554 ad
254 2504 392 2572 quamdam
415 2503 431 2554 s.
452 2503 594 2556 Willibaldi
617 2503 695 2554 vitam

206 2581 316 2635 uersibus
326 2584 543 2636 conscribendam.
560 2584 637 2643 Quod
651 2599 696 2634 no·

209 2663 246 2714 bis
269 2661 342 2715 refert
365 2664 521 2733 Anonymus
546 2662 696 2726 limenensis,

208 2743 280 2794 cuius
303 2744 388 2806 verba¹
408 2743 448 2795 hic
477 2743 570 2795 addere
595 2741 696 2812 placuit.

251 2823 697 2892 ePosihosveuerabilespatres,Re·

210 2902 328 2972 ginoldus
343 2902 472 2973 episcopus
485 2903 564 2955 insius
583 2903 626 2962 esi,
645 2919 698 2954 car·

212 2983 262 3034 nali
275 2983 377 3052 quidem
399 2981 490 3035 nobilis
509 2983 633 3052 prosapia,
656 2983 697 3035 sed

210 3062 319 3115 nobilior
329 3062 443 3131 scientia3
457 3063 545 3116 litteris
555 3081 605 3115 non
620 3063 698 3115 solum

214 3143 341 3194 Latinis&
350 3143 449 3210 Grecis,
459 3143 583 3195 sedetiam
592 3142 699 3196 Hebreis

212 3223 333 3286 imbutus,
348 3223 451 3292 &quod
466 3223 604 3283 unicum&
618 3223 700 3292 singu·

212 3305 262 3355 lare
275 3305 299 3354 in
312 3319 344 3355 eo
355 3303 414 3367 suit,
430 3302 539 3372 optimus
552 3302 624 3354 huius
637 3315 700 3355 tem-

212 3383 278 3452 poris
298 3382 414 3436 musicus.
433 3383 483 3435 Hic
501 3382 613 3452 inprimis
627 3382 702 3435 hisso·

213 3463 275 3514 riam
299 3463 375 3515 sanai
396 3462 494 3516 Nicolai
518 3463 589 3527 fecit,
613 3465 637 3516 δι
659 3481 702 3533 per

212 3544 263 3595 boc
286 3542 451 3612 episcopalem
473 3543 625 3611 dignitatem
645 3561 701 3613 pro-

214 3623 314 3676 meruit.
338 3624 459 3692 Accepto
478 3635 562 3675 autem
576 3623 703 3693 episcopa·

214 3715 252 3768 tu,
271 3705 368 3755 summo
379 3703 460 3755 sinidio
470 3703 616 3772 summaque
625 3705 702 3756 devo·

216 3783 284 3836 tione
293 3783 407 3835 historica
416 3784 447 3835 de
458 3784 542 3836 santio
551 3783 703 3836 Willibaldo

214 3863 704 3933 carminacomposuit,totamquescien-

215 3944 256 3996 tia
269 3944 320 3997 suas
336 3944 387 3994 nim
401 3943 426 3994 in
441 3943 478 3994 his
497 3943 645 3996 decorandis
666 3955 704 3996 at·

217 4041 266 4095 que
279 4022 427 4075 mirabiliter
444 4023 569 4076 variandis
578 4023 704 4077 excitavit.

216 4105 283 4156 Hinc
305 4104 340 4156 esi
362 4103 439 4167 enim,
464 4105 534 4172 quod
555 4104 705 4172 quibusdam

216 4183 375 4253 responsoriis
395 4183 540 4253 longissimis
553 4183 578 4235 in
599 4183 647 4236 fine
661 4201 705 4236 no·

217 4263 281 4315 tuias
294 4263 420 4334 apposuit,
437 4263 528 4317 eisdem
545 4263 638 4316 notulis
653 4281 708 4317 ser-

371 4413 393 4454 T

759 2263 846 2316 siculos
858 2264 933 2317 inslar
946 2265 1127 2334 sequentiarum
1142 2261 1244 2314 subiun-

758 2343 803 2395 xit.
825 2345 902 2404 Quod
918 2345 1020 2413 quidem
1038 2346 1063 2396 in
1079 2343 1162 2407 tertio,
1177 2343 1245 2394 sexto

760 2425 866 2476 &nono
879 2425 946 2490 fecit,
960 2427 983 2476 dc
997 2424 1071 2477 tertio
1085 2440 1178 2492 paucos
1191 2439 1245 2474 ver-

760 2503 856 2570 siculos,
880 2505 948 2557 sexto
969 2505 1061 2574 piures,
1086 2521 1154 2556 nono
1175 2501 1245 2554 dedit

760 2582 888 2652 plurimos.
904 2585 952 2637 Sed
961 2585 1019 2637 vide
1029 2583 1154 2636 ordinem!
1168 2583 1246 2635 tercio

761 2663 891 2716 minimum
906 2665 960 2728 iter,
974 2664 1000 2715 id
1017 2665 1050 2716 esi
1065 2664 1162 2715 initium
1177 2679 1246 2732 pere·

760 2742 910 2812 grinationis
921 2743 1045 2808 attribuit,
1060 2743 1150 2796 scilicet
1164 2743 1206 2794 ubi
1215 2743 1247 2794 de
1305 2753 1313 2774 ·

763 2823 844 2892 patria
856 2824 947 2892 exivit,
964 2825 1032 2877 sexto
1043 2825 1124 2876 maius
1137 2839 1188 2892 quo
1200 2825 1244 2874 Io-

762 2903 828 2954 niam
842 2904 926 2970 venit3
949 2921 1016 2956 nono
1031 2903 1178 2966 maximum,
1196 2919 1248 2971 quo

762 2983 954 3036 lerosolimitani
964 2984 1056 3037 itineris
1066 2983 1214 3052 qualitatem
1222 2981 1248 3033 in

765 3063 887 3116 versiculis
904 3064 964 3116 noni
977 3063 1122 3134 responsorij
1141 3073 1249 3115 conatus

764 3144 798 3196 esi
820 3145 970 3214 exprimere.
994 3146 1061 3197 Nam
1083 3143 1251 3213 quemadmo-

764 3223 824 3275 dum
847 3225 1007 3278 saniiiffimua
1027 3225 1109 3276 viator
1125 3222 1206 3275 noster
1218 3221 1251 3272 de

763 3302 838 3355 Italia
859 3303 883 3355 in
906 3305 1035 3369 Greciam,
1056 3304 1088 3355 de
1108 3300 1202 3355 Grecia
1225 3301 1250 3352 in

764 3384 880 3448 Iudeam,
902 3385 1046 3454 itemmque
1070 3385 1102 3436 de
1128 3383 1205 3434 iudea
1226 3381 1251 3432 in

766 3464 896 3529 Greciam,
923 3463 955 3516 de
975 3465 1069 3517 Grec-ia
1092 3464 1116 3514 in
1143 3461 1251 3526 Italiam,

766 3545 788 3595 δι
809 3543 865 3595 inde
887 3544 936 3596 buc
957 3544 988 3596 ad
1009 3561 1056 3596 nos
1077 3543 1153 3612 usque
1172 3541 1252 3593 salvus

767 3625 893 3692 pervenit:
920 3625 953 3676 ita
976 3623 1150 3676 sollertissimus
1172 3621 1253 3674 noster

767 3704 873 3756 muscus
891 3703 972 3772 primo
983 3704 1100 3770 Latinos,
1114 3702 1173 3754 dein
1187 3703 1254 3754 Gre-

767 3801 820 3848 cos,
834 3801 892 3835 mox
907 3785 1021 3836 Hebreos
1036 3783 1177 3850 iterumque
1187 3781 1252 3832 Gre-

769 3881 822 3928 cos,
834 3864 867 3915 ad
880 3863 996 3915 ultimum
1011 3862 1114 3914 Latinos
1127 3861 1186 3912 iecit
1199 3877 1255 3912 ver·

770 3943 864 3996 siculos.
881 3943 952 3996 Fecit
966 3942 1041 3994 etiam
1055 3939 1211 4011 perpulcram
1222 3940 1254 3991 de

771 4024 857 4074 santio
879 4022 1046 4075 Wunebaldo
1067 4020 1202 4082 historiam,
1230 4021 1254 4071 δι

772 4103 804 4155 de
837 4103 921 4154 sanilo
951 4101 1034 4155 Blasco
1061 4100 1252 4153 novissimam.»

771 4185 942 4251 (Anonymus
956 4181 1108 4247 Haserensis,
1117 4197 1159 4248 ap.
1174 4181 1256 4243 Perta,

771 4265 808 4317 Μ.
825 4261 1092 4330 G.,SS.‚V11‚257.)

1125 4398 1139 4444 ⁶
