3296 5700
534 522 603 597 240
849 516 956 570 BEDA
980 515 1240 570 VENERABILIS.

524 736 781 820 exprimuntur&
796 736 1044 820 interpretantur.
1060 735 1201 821 Gergiffa
1216 738 1267 802 ubi
1287 739 1409 822 eosqui
1427 759 1447 800 a
1463 737 1569 800 demo-

525 827 614 890 nibus
636 827 822 890 vexabantur
839 826 975 890 Salvator
1000 827 1129 890 restituit
1153 826 1278 906 sanitati,
1303 828 1375 911 quia
1398 828 1445 890 ibi
1472 825 1569 888 calide

524 931 690 997 erumpunt
700 936 789 998 aque,
799 914 829 978 δι
841 915 931 978 hodie
944 914 1030 997 super
1041 933 1178 978 montem
1190 914 1569 980 viculusademonstntur

525 1007 608 1068 iuxta
618 1005 763 1069 Tiberias
776 1006 925 1088 stagnum,
938 1005 969 1067 in
984 1026 1047 1088 quo
1062 1004 1125 1066 duo
1140 1004 1236 1067 millia
1249 1006 1335 1086 porci
1348 1005 1417 1068 sunt
1434 1003 1569 1088 precipi-

525 1095 589 1156 tati.
603 1090 752 1156 Ietseman
768 1091 855 1158 locus
870 1093 921 1156 ubi
935 1111 1005 1156 ante
1018 1093 1182 1176 pollionem
1197 1091 1300 1157 noster
1313 1095 1414 1156 oravit
1427 1091 1569 1156 Salvator
1629 1121 1630 1138 .

525 1181 569 1245 est
591 1182 627 1244 ad
644 1182 763 1248 Oliveti
785 1184 911 1262 radices,
925 1203 1007 1245 nunc
1023 1183 1063 1245 ihi
1079 1180 1205 1245 ecclesra
1219 1181 1346 1266 desuper
1360 1179 1568 1244 edificataelh

527 1269 688 1354 Golgotha
711 1270 797 1334 locus
821 1271 963 1336 Calvarie
989 1274 1018 1334 in
1039 1293 1101 1353 quo
1124 1268 1203 1334 solus
1224 1293 1280 1353 pro
1304 1271 1450 1335 omnium
1478 1269 1568 1332 salute

523 1359 687 1422 crucifixus
701 1358 744 1422 est
758 1359 788 1422 δι
803 1359 895 1443 usque
910 1360 1003 1422 hodie
1018 1358 1132 1422 meliab
1146 1359 1315 1422 ostenditur
1329 1359 1365 1421 ad
1382 1359 1568 1441 septentrio-

525 1445 626 1510 nalem
641 1449 754 1512 montis
769 1447 842 1511 Sion
859 1447 989 1531 plagam.
1005 1445 1071 1514 Get
1094 1469 1129 1510 ac
1144 1448 1225 1514 Oser
1240 1449 1291 1510 ubi
1311 1446 1404 1511 Ionas
1417 1448 1483 1510 fuit
1499 1469 1568 1528 pro-
1630 1441 1631 1508 i

526 1536 626 1618 pheta.
651 1535 808 1616 Mambre,
829 1537 890 1600 hoc
914 1536 956 1598 est
977 1535 1082 1599 Ebron
1108 1535 1157 1599 vel
1182 1536 1220 1599 de
1244 1537 1301 1598 viri
1321 1537 1451 1598 Abrahe
1478 1536 1566 1598 amici
1630 1563 1631 1584 ÷

525 1647 639 1688 nomen
664 1626 792 1708 accepit.
818 1624 910 1688 Mare
935 1624 1105 1690 Salinarum
1129 1625 1212 1708 quod
1242 1640 1371 1687 vocatur
1395 1623 1566 1687 Mortuum

526 1710 709 1793 srveAffalti,
715 1714 743 1776 id
755 1713 797 1777 est
804 1715 969 1778 bituminis.
978 1713 1111 1777 Maxilla
1120 1715 1294 1777 vicusiuxta
1301 1711 1482 1795 Diospolin,
1488 1712 1567 1774 unde

526 1801 694 1866 Machahei
710 1802 843 1880 fuerunt,
854 1823 987 1884 quorum
998 1802 1153 1884 hodieque
1165 1801 1281 1865 ibidem
1293 1801 1455 1884 sepulchra
1467 1800 1565 1864 mons
1631 1796 1632 1882 l

482 1934 485 1940 -
526 1906 652 1954 trantur.
665 1888 762 1952 Porro
775 1888 878 1954 Mallo
890 1891 997 1955 civitas
1007 1911 1100 1974 quam
1111 1890 1257 1954 Salomon
1264 1889 1426 1954 edificavit.
1438 1891 1565 1972 Nogela
1631 1883 1632 1960 J

524 1980 680 2042 Theman.
693 1979 815 2044 Darum
825 1979 908 2063 quod
921 2001 977 2044 nos
989 1976 1144 2063 possumus
1154 1978 1299 2060 austrum,
1309 1979 1463 2059 affricum,
1474 1981 1564 2042 meri·
1631 1977 1632 1984 '

525 2068 608 2130 diem
632 2064 690 2130 srve
714 2085 846 2131 eurumt
869 2087 938 2150 pam
960 2067 1154 2150 interpretari
1181 2067 1323 2148 dicimus,
1344 2068 1375 2131 dr
1398 2089 1459 2133 nos
1484 2067 1561 2150 apud

525 2171 643 2219 veteres
671 2153 753 2239 quast
781 2155 951 2238 opprobrio
980 2155 1115 2220 Nazarei
1144 2155 1340 2235 dicebantur,
1372 2177 1453 2240 quos
1483 2177 1560 2218 nunc

525 2244 715 2309 Christianos
730 2260 851 2308 vocant.
874 2244 1033 2327 Huiusque
1058 2265 1146 2327 pero
1161 2245 1287 2308 brevem
1303 2243 1436 2308 litteram
1452 2244 1561 2328 legeri-

525 2353 593 2395 mus
607 2333 678 2396 exin
699 2355 753 2416 per
774 2331 932 2396 extensum
947 2331 1083 2415 legamus
1097 2331 1308 2396 elementumd
1325 2333 1417 2396 Acon
1432 2332 1561 2410 Roma,e
1632 2371 1633 2400 3

526 2421 608 2484 idem
632 2421 662 2484 δι
683 2421 785 2484 Roma
806 2423 836 2484 in
862 2422 943 2484 tribu
966 2420 1138 2502 Neptalim,
1163 2420 1279 2484 idcirco
1302 2421 1410 2484 eadem
1434 2423 1561 2486 nomina

527 2510 701 2573 viculorum
722 2510 813 2574 variis
834 2508 1025 2593 adsignantur
1036 2509 1204 2588 vocabulis,
1225 2532 1286 2593 que
1306 2531 1379 2572 cum
1402 2511 1485 2592 apud
1507 2531 1559 2572 noo

526 2621 623 2660 unum
646 2619 760 2662 nomen
783 2597 889 2662 sonare
910 2598 1081 2677 videantur,
1102 2599 1183 2681 apud
1198 2597 1341 2662 Hebreos
1363 2598 1559 2663 divisisssunt

526 2686 633 2768 scripte
659 2685 769 2750 littere.
797 2684 943 2770 Iosephus
967 2709 1041 2751 vero
1066 2686 1166 2750 Salem
1196 2683 1254 2750 else
1278 2687 1418 2750 adfirmat
1445 2689 1477 2750 in
1503 2706 1560 2769 qua

526 2774 913 2858 regnavitMelchisedech‚
923 2797 984 2860 que
994 2775 1098 2858 postea
1109 2775 1190 2840 dieta
1200 2775 1243 2840 est
1252 2775 1452 2840 Solima&ad
1462 2793 1559 2838 extre·

526 2885 612 2928 mum
627 2864 833 2928 Hierosolima
846 2885 960 2928 nomen
985 2865 1112 2946 accepit.
1129 2861 1250 2928 Dicunt
1263 2881 1366 2928 autem
1381 2863 1558 2928 Samaritani

526 2954 578 3036 qui
594 2953 632 3016 de
647 2952 796 3016 Babilone
822 2953 951 3036 prosedli
975 2952 1049 3015 sunt.
1064 2949 1111 3016 lbi
1126 2974 1209 3016 nunc
1223 2952 1349 3016 ecclesia
1363 2951 1503 3016 edificata
1520 2949 1558 3014 est
1633 2983 1634 3008 r

527 3040 577 3103 uhi
602 3041 745 3105 dominus
772 3041 872 3104 noster
893 3039 995 3104 lhesus
1019 3041 1158 3105 Christus
1173 3041 1360 3104 Samaritano
1381 3039 1503 3104 locutus
1520 3037 1558 3100 eli

527 3127 647 3192 mulieri
664 3129 829 3194 secundum
843 3128 1014 3192 Iohannem
1028 3127 1251 3212 evangelistam.

553 3375 577 3408 a.
588 3357 615 3406 R.
625 3352 784 3406 vinculuo.——
794 3353 930 3419 b.B.3R.in
940 3353 1009 3406 azlit.
1073 3355 1102 3405 B.
1113 3353 1261 3406 ilimentum.
1271 3384 1305 3393 —
1315 3371 1334 3406 e.
1346 3355 1386 3422 B.;
1401 3357 1427 3406 li.
1441 3371 1554 3423 orgoma.

526 3468 559 3476 —
578 3453 599 3488 c.
619 3435 707 3502 ΒΛ.
729 3435 860 3503 Europum
879 3433 1010 3501 -d.1t.;
1074 3431 1314 3500 -tn.;1t.divis1.
