3296 5700
307 536 575 590 mmenniuum
597 537 624 589 s.
643 537 891 590 wumeuum.
1056 535 1124 616 293

77 753 200 826 visum
212 757 343 852 recepit.
359 754 448 844 Inde,
460 751 585 828 visitata
597 753 688 851 apud
703 758 881 851 Diospolin
895 757 1013 851 ecclesa
1021 757 1046 824 S
1046 759 1128 825 ordi
1140 771 1260 836 urorum.

81 865 240 957 Georgii,
267 887 325 958 per
345 869 469 958 ioppen,
496 867 638 957 oppidum
662 861 813 933 Palestine
836 861 1048 952 maritimum,
1072 859 1209 934 ubi10
1152 898 1216 946 oepp

78 968 200 1038 Petrus
211 967 345 1040 viduam
353 967 713 1040 Dorcademsuscitavit
713 968 887 1064 ‚perlittus
899 975 994 1040 moris
1004 973 1127 1041 eldria-

78 1081 154 1163 rici‚
171 1079 315 1147 adorans
323 1073 412 1170 apud
425 1077 729 1168 Tyrum&5idonem
742 1079 872 1146 Domum
879 1081 1027 1170 ueshgus
1042 1101 1155 1171 tran-s
1140 1063 1233 1172 Ἦ,

79 1178 145 1252 sito
166 1186 281 1252 libano
299 1208 407 1268 moure,
424 1205 598 1278 peragrata
620 1184 745 1277 Tripoli
764 1179 843 1252 urbe
861 1183 1034 1274 maritima,
1058 1181 1127 1254 vifi-
1140 1126 1227 1242 inin
1317 1255 1323 1267 ,

81 1313 154 1360 tata
168 1288 291 1358 iterum
303 1292 468 1382 Damasco,
481 1295 563 1359 uenit
578 1294 730 1376 Emmaus,
748 1294 845 1360 uicum
861 1291 1024 1381 Polesiine,
1043 1317 1127 1381 quem
1140 1209 1335 1381 zibffim’nuue
1236 1208 1336 1314 usun-

84 1399 230 1487 Romoni
244 1401 313 1488 posi
335 1399 558 1488 destruliionem
583 1398 859 1490 Hierosolymorum
883 1423 918 1464 ex
937 1420 1039 1465 euentu
1064 1402 1128 1466 uic-

82 1507 170 1570 torie
182 1503 383 1595 «Nicopolim
391 1528 576 1574 uocauerunt.
600 1506 658 1572 Ubi
664 1508 846 1597 posiquom'
834 1529 866 1572 m
879 1504 968 1571 domo
982 1505 1010 1572 C
1010 1503 1126 1596 leophe,

85 1612 118 1676 in
131 1608 286 1702 ecclesom
301 1633 424 1694 muruco,
446 1635 522 1697 eum,
539 1615 591 1701 qui
604 1637 639 1678 ex
647 1613 805 1700 frollione
818 1614 911 1701 ponis
928 1613 960 1678 in
974 1637 1009 1678 eo
1021 1615 1128 1704 cogni·

82 1739 136 1782 rus
149 1719 204 1804 esi,
220 1716 362 1784 odoravit
374 1721 501 1785 uiuentis
513 1743 589 1806 oque
592 1720 714 1807 fontem
722 1717 901 1812 desieram,
919 1717 998 1784 vidit
1014 1716 1044 1784 Cr
1051 1719 1128 1806 fon·

85 1845 159 1907 cem,
179 1827 287 1913 quiesi
300 1827 451 1907 incriuio‚
469 1847 527 1912 quo
541 1825 677 1911 Christus
697 1823 798 1890 eodem
825 1847 882 1912 quo
896 1824 1058 1914 resurrexit
1076 1825 1129 1890 die

85 1951 154 1994 cum
177 1929 344 2022 discipulis
365 1931 488 2017 duobus,
507 1928 628 1997 luco&
646 1930 673 1997 C
674 1929 792 2018 hophu,
811 1933 891 2020 quos
906 1929 947 1994 od
964 1927 1058 1996 olium
1075 1929 1128 1996 de·

88 2035 264 2104 clinoturus
279 2036 560 2106 uicumomlulouir.
575 2038 624 2126 Esl
632 2039 708 2104 enim
718 2036 761 2102 ili
764 2037 855 2124 fons,
869 2035 910 2101 od
917 2058 1002 2123 quem
1018 2036 1126 2129 Chris·

87 2163 149 2225 nes,
174 2142 253 2209 olim
272 2147 406 2211 interris
424 2144 624 2235 conversurus,
642 2166 706 2208 cum
718 2140 881 2232 discipulis
897 2141 1010 2208 dicitur
1021 2142 1128 2232 remise

85 2249 240 2339 pedesque
256 2255 287 2316 in
305 2275 350 2334 eo,
371 2251 486 2343 emenso
511 2250 614 2339 aliquo
637 2253 756 2333 itinere,
782 2247 898 2338 lauisse,
919 2247 950 2316 la
969 2252 1039 2315 hinc
1056 2274 1125 2317 eon·

89 2355 154 2420 dem
170 2381 279 2444 aquom
295 2357 480 2448 diuersorum
491 2357 636 2441 efficacem
650 2355 876 2422 medicaminum
893 2379 912 2420 o
927 2355 995 2421 Deo
1004 2355 1126 2443 solium

90 2455 190 2554 [cfflL
211 2487 244 2528 uc
253 2487 363 2556 poturo
387 2464 560 2553 quibussibet
578 2462 777 2552 languoribus
794 2483 854 2527 rum
865 2461 1014 2550 pecudum
1038 2485 1126 2550 quum
1151 2535 1153 2540 ,

89 2570 243 2635 hominum
253 2570 372 2660 solutis
388 2570 529 2660 iusundot
539 2569 734 2660 presentium.

123 2671 213 2742 XIV.
230 2672 306 2744 lnde
315 2669 763 2745 sanuuswiffibaldustenio
773 2672 1016 2765 Hierosolymam
1025 2671 1125 2764 venit,
1139 2689 1304 2753 Hierosolyma.

89 2774 202 2873 ibique
221 2803 325 2850 totam
342 2780 486 2852 hiemem
502 2780 594 2850 stetit.
614 2777 687 2848 Nec
703 2779 820 2868 minuo,
838 2801 1010 2874 peragrata
1024 2779 1124 2869 Syria,

89 2908 205 2978 quarta
224 2887 294 2956 vice
311 2881 552 2983 Hierosolymom
570 2885 707 2981 repetiit.
733 2883 810 2956 lnde
827 2908 886 2979 per
901 2887 1062 2976 Sebastiam
1079 2885 1125 2956 se·
1138 2897 1243 2946 sebasti..

91 2991 206 3086 pulcro
224 2992 375 3064 iohannis
392 2995 542 3089 baptiste,
559 2999 695 3084 quumvis
710 3016 843 3085 tempore
859 2992 976 3060 iuliani
996 2999 1126 3086 opostote

91 3102 206 3190 dirum,
227 3123 266 3170 ac
283 3100 426 3196 reliquiis
443 3099 676 3195 prophetarum
696 3094 804 3168 Abdie
820 3099 855 3166 ἃ
872 3095 992 3167 Helisei
1008 3123 1125 3193 puteo·

94 3229 167 3298 que,
186 3203 243 3276 ubi
257 3206 421 3278 Dominus
437 3229 557 3302 potum
574 3204 808 3274 aSamaritana
824 3203 973 3299 petierat,
990 3203 1124 3295 claram,
1139 3236 1208 3284 mon·
1220 3235 1328 3284 cauum.

91 3315 154 3406 riso
171 3337 271 3383 monte
289 3316 439 3406 Goriuim,
465 3314 500 3382 in
519 3336 587 3406 quo
607 3313 809 3383 Samaritana
825 3307 934 3408 patres
952 3313 1125 3382 Samarita-

92 3443 209 3489 norum
229 3419 372 3490 orationi
388 3416 550 3490 indulfiffe
564 3416 699 3508 dixerat,
723 3416 767 3488 ad
784 3445 874 3514 copur
891 3423 998 3488 lilani
1015 3426 1125 3489 montis

91 3524 177 3616 Tyro
194 3526 353 3617 vicinum,
377 3527 575 3623 contiguum
592 3526 710 3615 monti,
733 3525 826 3596 sevos
848 3527 967 3595 leonum
983 3525 1126 3621 impetus

92 3631 123 3700 in
148 3634 202 3702 via
225 3631 304 3728 palsi
327 3633 472 3703 veniunt.
500 3629 589 3723 inde,
618 3630 707 3726 apud
725 3632 834 3724 i'yrum
861 3630 917 3701 diu
942 3632 1125 3727 exl'peilata
1138 3641 1220 3701 Tim·-

94 3740 175 3856 navi,
187 3737 346 3808 inchoato
360 3738 394 3808 in
408 3738 514 3810 natale
527 3739 629 3810 sanlii
638 3736 769 3808 Andree
783 3737 931 3835 navigio,
945 3764 1005 3836 per
1019 3763 1125 3811 totam

94 3845 282 3942 navigantes
303 3844 458 3935 hiemem,
483 3852 534 3914 vix
551 3853 695 3939 proximo
718 3867 794 3916 ante
819 3845 941 3941 pacha
947 3849 1124 3941 septimana

95 3975 249 4022 venerunt
271 3954 573 4044 Constantinopolim,
594 3951 778 4022 sanliorum
804 3951 1030 4047 apostolorum
1056 3957 1166 4025 rhu·¹
1137 3951 1187 3996 ⁰⁰¹²
1190 3949 1270 3998 “²²³⁰
1238 3963 1327 4013 ‘¹⁰⁰¹’

95 4053 177 4147 dree,
193 4057 362 4128 Timothei
378 4061 413 4128 δι
430 4059 513 4128 Luce
530 4058 777 4155 evangeliste&
796 4057 946 4130 iohannis
964 4013 1178 4152 Chi-yios·¹¹¹

97 4163 174 4231 tomi
190 4164 332 4284 reliquiis
357 4162 529 4237 celebrem.
549 4162 594 4237 lbi
616 4162 784 4236 biennium
810 4190 955 4238 moratus
972 4166 1122 4238 transfre-

96 4270 171 4343 tavit
191 4272 322 4346 interim
337 4275 499 4372 Momm,
516 4277 787 4370 Bithynicum,
806 4271 862 4348 uhi
886 4273 1122 4348 constantinus
1135 4299 1226 4352 Ninon.
