3354 5706
524 485 588 577 176
931 503 1126 558 Ancquus

518 724 606 794 cuius
624 749 711 794 nunc
729 721 883 820 quedam,
903 747 937 794 ut
950 724 1102 796 Arculfus
1117 724 1224 814 refert,
1238 727 1401 797 ruinarum
1418 725 1547 824 vestigia

517 829 745 902 monstrantur.
770 833 890 902 Mirum
908 830 1008 923 didlu,
1032 832 1099 902 sola
1121 831 1239 902 domus
1256 831 1345 904 Raab
1364 835 1546 924 meretricis,

517 934 615 1007 tribus
632 939 666 1008 in
681 937 801 1009 eodem
817 937 895 1008 loco
914 937 1078 1010 destrudlis
1096 937 1289 1030 civitatibus,
1303 937 1468 1028 remanht,
1485 967 1547 1036 que

518 1041 602 1114 duos
625 1045 863 1142 exploratores,
886 1071 969 1141 quos
996 1046 1086 1116 losue
1113 1045 1288 1118 Bon-Nun
1313 1045 1494 1138 transmisit,
1515 1049 1546 1116 in

518 1151 635 1221 solario
661 1151 804 1223 eiusdem
828 1151 947 1222 domus
971 1153 1025 1224 sue
1039 1153 1098 1223 lini
1115 1153 1230 1250 stipula
1248 1152 1440 1225 abscondit:
1460 1156 1547 1224 cuius

515 1257 637 1355 lapidei
650 1261 788 1356 parietes
802 1258 866 1330 stne
879 1261 1021 1330 culmine
1036 1283 1236 1355 permanent.
1251 1260 1356 1331 Locus
1369 1287 1448 1331 vero
1465 1285 1549 1332 totus

518 1363 615 1458 urbis,
641 1363 682 1438 ab
704 1366 847 1437 humana
872 1365 1012 1438 desertus
1029 1365 1241 1456 habitatione,
1264 1367 1389 1438 nullam
1410 1366 1549 1438 domum

517 1470 640 1544 habens
666 1474 948 1564 commorationis,
974 1474 1155 1572 segetes&
1183 1474 1291 1544 vineta
1312 1475 1436 1571 recipit.
1469 1479 1550 1546 lnter

516 1580 630 1650 locum
655 1580 799 1652 eiusdem
827 1580 984 1652 destrudle
1005 1580 1141 1650 civitatis
1163 1583 1197 1650 ὃ(
1216 1579 1388 1651 Iordanem
1413 1579 1550 1654 fluvium

516 1686 654 1786 grandia
666 1688 774 1758 insunt
791 1689 946 1784 palmeta,
962 1688 997 1756 in
1015 1713 1158 1782 quorum
1171 1686 1282 1758 medio
1297 1688 1441 1784 campuli
1453 1691 1551 1760 inter-

517 1791 612 1891 positi
630 1793 800 1885 habentur,
822 1797 856 1864 in
875 1792 992 1890 quibus
1016 1793 1238 1889 quorumdam
1257 1795 1464 1867 Channanee
1485 1797 1550 1868 stir-

519 1903 566 1997 pis
592 1902 856 1973 homuncionum
886 1927 992 1999 prope
1023 1900 1271 1973 innumerabiles
1298 1903 1370 1972 sunt
1394 1900 1551 1976 fabricate

517 2005 769 2080 inhabitantium
786 2007 914 2082 domus.

518 2277 594 2348 Xlll.
629 2283 679 2347 De
705 2280 853 2371 Golgolis
881 2279 910 2347 o
941 2282 977 2346 de
1003 2281 1158 2348 duodecim
1186 2280 1359 2371 lapidibus,
1390 2305 1465 2370 quos
1482 2281 1552 2369 filii
1669 2301 1670 2334 ι

672 2386 777 2479 lsrael,
798 2389 992 2479 transvadato
1010 2389 1150 2454 lordonis
1160 2390 1270 2476 fluvio,
1280 2394 1395 2481 ficcuro

858 2493 1027 2562 detulerunt
1038 2495 1205 2584 profundo.

567 2659 718 2731 hrculfus
746 2685 945 2731 memoratus
970 2657 1152 2754 quamdam
1172 2657 1333 2756 grandem
1351 2661 1502 2756 eccieficm
1522 2665 1552 2726 ἰιι

521 2770 669 2862 Golgulis
692 2766 862 2839 fundatam
879 2765 960 2838 vidit
978 2791 1020 2837 eo
1045 2767 1078 2836 in
1095 2767 1172 2837 loco
1192 2766 1421 2858 constructam,
1438 2767 1472 2836 in
1487 2791 1553 2861 quo

518 2873 574 2966 filij
594 2874 694 2963 lsrael,
714 2872 849 2944 lordane
868 2871 1071 2970 tranl'grels0,
1092 2874 1191 2944 castra
1210 2875 1334 2964 metati,
1361 2875 1503 2970 primam
1520 2875 1552 2942 in

520 3005 601 3052 terra
630 2981 793 3053 Chanaan
822 2978 1026 3050 manhonem
1057 2977 1207 3050 habuere.
1244 2983 1277 3048 ln
1307 3005 1373 3075 qua
1402 2977 1554 3051 videlicet

519 3087 649 3160 ecclesia
667 3087 757 3158 idem
773 3088 898 3157 sancius
916 3087 1067 3157 hrculfus
1083 3087 1156 3157 illos
1171 3084 1387 3158 confidemvit
1402 3089 1553 3156 duodenos

519 3199 650 3289 lapides,
684 3193 726 3265 de
756 3191 872 3290 quibus
901 3192 943 3263 ad
968 3194 1058 3264 lofue
1086 3194 1261 3284 Dominus,
1287 3194 1361 3290 post
1387 3189 1552 3264 transtrum
1572 3214 1589 3292 J

519 3301 674 3392 lordanis,
691 3301 819 3371 locutus
842 3301 895 3386 est,
913 3299 1038 3371 dicens:
1057 3302 1147 3394 Elige
1163 3303 1319 3370 duodecim
1341 3306 1435 3386 viros,
1446 3307 1552 3396 fingu-

522 3410 569 3478 los
587 3437 645 3502 per
665 3410 805 3504 fingulos
830 3413 935 3492 tribus,
965 3409 1132 3500 &precipe
1146 3414 1202 3494 er's,
1221 3433 1252 3476 ur
1271 3408 1381 3477 rolloni
1398 3410 1436 3476 de
1453 3407 1552 3474 medio

519 3517 661 3584 lordonis
685 3519 783 3602 olveo,
811 3519 860 3584 ubi
880 3521 1025 3606 steterunt
1042 3517 1236 3607 sacerdotum
1259 3517 1364 3605 pedes,
1394 3515 1552 3583 duodecim

520 3623 687 3712 durtffimos
710 3625 840 3715 lapides,
865 3648 938 3713 quos
953 3627 1075 3716 ponetis
1095 3627 1125 3688 in
1139 3621 1205 3688 loco
1224 3625 1395 3712 castrorum,
1419 3621 1553 3709 ubifixe·

519 3734 590 3797 ritis
615 3735 671 3798 lruc
693 3733 778 3798 node
796 3736 935 3798 tentorio.
961 3727 1044 3815 Hos,
1067 3727 1214 3820 inquam,
1238 3725 1388 3795 Arculfus
1417 3722 1553 3812 viderat,

520 3859 538 3902 e
565 3831 682 3928 quibus
711 3835 804 3905 senos
823 3835 855 3904 in
882 3832 993 3904 dextra
1026 3856 1117 3928 parte
1135 3828 1266 3902 ecclehe
1295 3833 1329 3901 in
1361 3831 1553 3928 pavimento

519 3941 661 4011 iacentes
690 3943 725 4011 ὅ(
749 3941 830 4010 alios
858 3938 1002 4010 eiusdem
1031 3940 1156 4008 numeri
1187 3938 1220 4008 in
1249 3936 1429 4033 aquilonali
1461 3959 1553 4034 parte

521 4047 701 4142 omnesque
729 4047 949 4144 impolitos&
975 4044 1053 4116 viles
1071 4044 1254 4141 conspexit:
1273 4069 1418 4139 quorum
1438 4069 1553 4114 unum-

524 4179 700 4250 quemque,
719 4179 754 4224 ut
777 4153 846 4249 ipse
872 4151 968 4222 refert
990 4150 1152 4241 Arculfus,
1179 4149 1272 4221 huius
1301 4152 1458 4247 temporis
1488 4148 1555 4220 duo

522 4260 654 4336 iuvenes
685 4261 744 4332 viri
771 4260 870 4330 fortes
895 4259 947 4330 vix
976 4255 1108 4355 possunt
1137 4255 1179 4327 de
1206 4281 1288 4328 terra
1315 4255 1491 4329 sublevare.
1515 4255 1556 4326 Ειι
