3448 5718
439 509 515 595 xviij
850 507 1072 578 rumonim.

439 740 571 824 Faustini
579 739 721 821 leguntur,
736 763 820 823 quum
831 739 900 802 mihi
908 755 1016 826 parum
1030 740 1096 804 utile
1100 740 1173 824 sore
1185 741 1279 831 visum
1294 740 1404 828 ‘ffli‘st
1415 741 1475 804 Ioco

438 838 497 900 iam
502 836 654 928 serviliter
669 839 845 928 monstripto
858 838 916 928 ipse
928 839 1079 926 iteraffem,
1093 861 1156 923 qua
1169 840 1264 903 verbis
1279 837 1344 902 XX
1359 861 1376 901 a
1391 838 1475 902 Che-

440 935 516 998 bron
529 934 574 1020 stc
596 934 745 1019 incipiunt:
775 959 788 994 e
818 933 916 1018 Igitur
940 934 1101 1020 longitudo
1126 933 1185 1000 five
1211 935 1340 1000 latitudo
1363 932 1475 999 Iudaeae

442 1057 454 1090 c
469 1047 584 1116 quanta
605 1031 651 1113 fit,
665 1032 685 1096 s.
700 1033 913 1118 Hieronymus
928 1033 1143 1097 determinavit
1156 1034 1188 1097 in
1203 1034 1335 1118 quadam
1349 1033 1476 1118 epistola

440 1153 455 1186 c
472 1129 508 1192 ad
526 1129 721 1211 Dardanum,
736 1153 773 1194 ex
789 1153 850 1216 qua
864 1153 921 1196 nos
935 1133 1008 1194 huic
1022 1132 1119 1215 operi,
1131 1154 1200 1216 quae
1214 1129 1377 1196 necessaria
1390 1133 1476 1197 vide-

441 1253 453 1286 r
469 1228 580 1290 bantur
590 1227 843 1311 excerpfimuuin
855 1250 915 1312 qua
926 1227 1067 1293 adversus
1075 1227 1195 1294 ludaeos
1204 1230 1351 1295 deTerra
1358 1229 1476 1314 Repro-

441 1349 454 1384 e
472 1325 616 1388 miffionis
632 1327 724 1388 etiam
739 1325 856 1389 addidit
870 1326 936 1390 haec
944 1373 1018 1392 .....
1034 1327 1110 1391 Haec
1126 1327 1344 1413 Hieronymus.
1362 1353 1376 1386 e
1392 1328 1474 1412 Quin

439 1426 524 1487 etiam
540 1424 687 1486 adduntur
711 1438 839 1508 excerpta
861 1425 990 1506 quaedom
1007 1449 1040 1488 ex
1054 1425 1158 1488 Flauio
1182 1424 1303 1516 Iosepho,
1325 1423 1378 1488 De
1392 1425 1473 1488 bello

441 1521 574 1600 iudaico,
579 1520 626 1583 tib.
636 1519 674 1582 II
673 1520 699 1600 I,
704 1537 766 1604 cap.
771 1522 840 1604 3,&
843 1523 988 1605 postquam
996 1536 1082 1605 caput
1088 1520 1241 1586 humanum
1248 1545 1309 1585 cum
1317 1523 1387 1585 urbe
1398 1521 1474 1586 Hie-

443 1619 588 1710 rosolyma,
596 1632 628 1680 ut
640 1619 757 1701 regionis
771 1621 871 1702 capite,
883 1621 1070 1702 comparavit,
1084 1619 1125 1684 his
1138 1621 1235 1683 verbis
1246 1621 1382 1705 paginam
1395 1619 1476 1684 clou-

438 1718 495 1781 dit:
513 1743 524 1776 c
537 1716 696 1780 Hadienus
704 1713 859 1800 Iosephus.
872 1715 955 1804 Quae
966 1716 1309 1780 idcircorelationihuic
1319 1716 1475 1781 inserenda

442 1815 557 1896 putavi,
572 1830 607 1876 ut
624 1815 783 1877 veritatem
804 1813 933 1877 studiose
949 1814 1173 1897 inquirentibus
1192 1814 1339 1877 maiorem
1353 1811 1474 1878 Iudaeus

440 1911 555 1976 relator
571 1909 727 1974 deIudaeae
738 1908 793 1974 sttu
800 1909 1022 1976 fidemfaceret.
1033 1937 1046 1968 e
1057 1911 1217 1995 Sequuntur
1231 1913 1324 1975 veria
1335 1915 1474 1996 quadam,

440 2035 473 2072 ex
487 2009 622 2090 Eucherii
635 2009 871 2073 Commentario
892 2010 922 2073 in
948 2009 1060 2073 Libros
1082 2008 1215 2092 Regum,
1229 2010 1262 2072 de
1272 2011 1357 2094 fonte
1372 2011 1473 2074 Siloah.

439 2107 580 2170 Ceterum
598 2131 650 2170 non
665 2107 894 2190 pretereundum
920 2111 960 2191 est
972 2108 1085 2170 eundem
1107 2117 1247 2171 auiiorem
1267 2106 1369 2197 insuit
1379 2110 1474 2199 super

440 2206 573 2269 Soniiom
593 2205 770 2289 Scriptorum
785 2207 986 2270 commentariis
1004 2205 1094 2268 multo
1110 2204 1301 2290 geographico
1319 2206 1475 2296 inserueffi,

438 2329 500 2388 quae
527 2328 579 2366 non
607 2305 705 2388 magni
723 2304 811 2388 pretij
834 2305 1022 2387 existimanda
1036 2304 1120 2393 sunt,
1144 2327 1229 2386 quum
1243 2329 1277 2369 ea
1301 2329 1334 2368 ex
1360 2301 1476 2393 Eusebi·

439 2397 659 2485 Hieronymique
671 2400 875 2468 Onomastico
882 2401 1047 2485 plerumque
1061 2401 1095 2463 de
1105 2404 1192 2464 verbo
1206 2401 1376 2465 adverbum
1390 2413 1475 2463 non·

435 2498 544 2584 scripta
552 2497 621 2584 stet.

478 2689 1473 2778 Enmouumtontumuuomnovimus,quominNovaBiblioth.ma-

438 2789 662 2874 nuscriptorum
671 2788 888 2872 librorunutI,
898 2793 974 2854 dedit
980 2791 1127 2878 Philippus
1136 2787 1364 2877 Lobbe(Poris.,
1375 2784 1472 2867 1657).

437 2887 573 2952 Eumdem
595 2904 699 2953 textum
722 2891 792 2972 typis
811 2888 941 2974 exprefflt
966 2889 1100 2972 Ugolinus
1120 2890 1149 2954 in
1169 2887 1264 2952 Thes.
1286 2884 1472 2968 Antiquitat.

438 2987 588 3049 sacrarum
611 2985 732 3068 (Venet,
755 2987 853 3070 1747).
874 2986 910 3049 In
933 3000 1055 3069 utruque
1075 3002 1167 3051 autem
1185 2986 1299 3050 editione
1317 3000 1375 3046 tom
1395 3004 1472 3044 meu·

440 3083 473 3145 do
487 3105 519 3147 us
532 3099 621 3147 terties
634 3083 749 3166 legitur,
759 3098 791 3146 ut
800 3085 941 3166 quadam,
950 3100 1003 3148 out
1012 3083 1090 3147 nullo
1099 3085 1185 3164 modo,
1197 3097 1249 3148 aut
1256 3079 1421 3169 difficillime
1429 3079 1474 3141 in-

438 3181 526 3264 telligi
535 3180 646 3267 pofflnt,
655 3181 819 3268 prasertim
833 3204 917 3265 quum
934 3182 1043 3245 nutum
1057 3182 1146 3246 alium
1164 3179 1344 3246 habuerimus
1357 3175 1473 3240 codicem

437 3279 674 3366 manuscriptum,
687 3280 766 3343 cuius
788 3279 894 3343 auxilio
911 3295 1026 3363 pravos
1044 3277 1164 3344 leniores
1185 3283 1397 3360 corrigeremus,
1418 3270 1475 3359 nist

438 3377 518 3440 illum
542 3376 633 3465 ipsum
658 3398 735 3458 quem
767 3377 897 3464 excripstt
926 3375 982 3441 Ph.
1016 3375 1116 3440 Labie
1151 3375 1334 3453 (Vaticanus,
1360 3371 1419 3456 636
1447 3389 1474 3448 ὃ,

436 3475 511 3565 ms.
525 3473 642 3550 XIII).
656 3475 716 3558 Eeſs
727 3473 790 3538 huic
804 3473 974 3560 brevifflmae
988 3473 1168 3562 descriptioni
1180 3495 1312 3558 magnum
1326 3469 1409 3533 baud
1418 3467 1473 3532 tri-

437 3573 575 3635 bucudum
581 3573 619 3654 fet
627 3587 801 3652 momentum,
810 3596 864 3636 uon
873 3588 966 3637 tomen
974 3573 1080 3637 omnino
1089 3571 1207 3655 indigna
1217 3569 1473 3655 esl‚quaeintmtum

436 3666 541 3732 babeat
554 3669 661 3732 lectoris
673 3670 808 3733 animum.

437 3820 537 3893 Lipfiae,
557 3838 635 3888 ¹7⁹4,
653 3822 687 3885 ΙΙ,
705 3821 780 3890 orsi,
799 3819 842 3891 qut
863 3818 925 3873 niun
985 3829 1087 3889 pam
1108 3817 1244 3887 munifi,
1263 3829 1283 3874 t·
1308 3820 1341 3884 V2
1362 3834 1385 3871 c.
1411 3833 1473 3884 reo·

436 3901 469 3954 ad
494 3902 563 3954 suem
594 3901 752 3971 probandum
778 3899 923 3971 opinionem
987 3900 1060 3969 740).
1078 3901 1134 3954 Sive
1150 3911 1235 3954 eutem
1248 3898 1277 3952 srt
1293 3897 1474 3968 genuine,five

437 3980 517 4034 effert.
531 3981 621 4034 Nullus
631 3993 699 4034 certe
709 3999 739 4034 ex
747 3979 857 4052 antiquie
864 3997 926 4034 auo·
985 3997 1046 4046 non,
1064 3979 1182 4048 Eucherii
1201 3976 1304 4049 epistola
1325 3977 1359 4031 ed
1378 3976 1474 4031 Feuiii·

440 4061 537 4114 totibue
550 4060 583 4114 de
600 4062 649 4114 hoc
664 4060 749 4114 libello
766 4060 830 4114 inter
849 4059 924 4114 santii
986 4071 1130 4125 nonnemo
1144 4056 1279 4130 descriptio
1288 4075 1349 4112 eum
1359 4055 1405 4111 illie
1413 4074 1474 4112 con·

437 4141 555 4208 Eucherii
580 4157 656 4211 opere
680 4139 833 4194 mentionem
856 4139 926 4193 fecit.
985 4137 1064 4210 gruit,
1085 4157 1144 4209 qua
1167 4137 1275 4209 episcopi
1299 4135 1473 4207 Lugdunensis

437 4221 492 4290 (ef.
506 4223 543 4273 A.
560 4220 666 4289 Schottij
680 4221 783 4291 Praesat.
794 4219 829 4273 ed
842 4221 926 4288 opera
986 4235 1101 4288 tempore
1115 4219 1149 4273 de
1170 4217 1303 4273 tuatim
1320 4229 1382 4271 nota
1402 4228 1473 4270 erent

435 4300 454 4353 s.
484 4299 603 4368 Eucherii
630 4300 655 4352 in
681 4300 803 4356 Maxim
831 4298 925 4353 Bibliot.
950 4313 956 4328 ·
988 4298 1068 4370 (Nota
1078 4300 1110 4354 A.
1122 4297 1261 4367 Moiiuirr).
