3448 5718
534 481 575 552 18
915 499 1180 552 musnnurun

527 719 692 792 Christum
710 717 847 818 flagellis
864 719 1061 792 ceciderunt.
1082 725 1166 791 lntus
1183 745 1304 809 autem,
1322 721 1406 792 intra
1426 745 1572 791 murum

315 846 513 897 nautiummvu.
527 829 616 919 Sion,
635 853 726 925 paret
742 829 845 917 locus,
863 824 917 897 ubi
927 831 1080 922 palatium
1099 825 1210 899 habuit
1230 832 1346 898 David.
1373 827 1414 898 Ex
1431 829 1571 924 septem

314 962 439 1022 synagoge.
527 933 713 1033 synagogis,
734 961 797 1031 que
819 935 885 1006 illic
906 934 1043 1025 fuerant,
1070 961 1136 1005 una
1159 957 1287 1006 tanturn
1310 933 1478 1027 remansit,
1513 961 1568 1004 re-

524 1042 613 1139 lique
642 1067 753 1114 autem
781 1047 971 1114 arantur&
1005 1044 1220 1136 seminantur,
1251 1040 1329 1113 ficut
1357 1043 1447 1114 lsaias
1478 1067 1566 1138 pro-

524 1149 624 1246 pheta
641 1147 729 1220 dixit.

314 1283 493 1344 roruneapon-
574 1253 650 1327 lnde
676 1280 711 1325 ur
733 1281 785 1325 eas
808 1255 893 1326 foras
915 1281 1046 1326 murum
1071 1254 1113 1326 de
1135 1256 1224 1347 Sion,
1247 1257 1337 1328 eunti
1362 1253 1404 1326 ad
1424 1267 1563 1352 'portam

521 1368 741 1461 neapolitanam
758 1361 800 1433 ad
819 1387 947 1458 partem
965 1361 1123 1456 dextram,
1148 1360 1301 1434 deorsum
1315 1365 1351 1435 in
1378 1364 1461 1435 valle
1479 1367 1564 1436 sunt

311 1487 445 1535 Pretorium.
521 1473 669 1568 parietes,
689 1467 745 1540 ubi
762 1467 880 1539 domus
903 1468 963 1538 fuit
983 1466 1046 1540 five
1066 1477 1234 1565 pretorium
1257 1471 1361 1540 Pontii
1379 1469 1477 1541 Pilati.
1505 1469 1561 1542 lbi

435 1583 436 1588 ’
520 1579 685 1650 Dominus
714 1573 842 1646 auditus
872 1576 930 1667 est,
961 1601 1139 1672 antequam
1169 1601 1338 1674 pateretur.
1373 1581 1404 1646 A
1430 1574 1559 1649 sinistra

311 1705 433 1766 Golgotha.
519 1711 628 1758 autem
644 1707 738 1781 parte
756 1683 800 1752 est
818 1683 1014 1754 monticulus
1034 1688 1201 1779 Golgorsru,
1220 1681 1275 1754 ubi
1293 1685 1456 1754 Dominus
1476 1711 1556 1757 cru-

309 1817 391 1880 crypta
402 1819 503 1868 Domini.
518 1791 630 1863 cifixus
653 1793 706 1863 est.
735 1789 813 1862 lnde
833 1788 920 1886 quasi
938 1790 980 1862 ad
997 1789 1113 1887 sapidis
1131 1788 1261 1862 missum
1283 1790 1328 1860 est
1352 1819 1462 1886 crypta,
1493 1791 1556 1863 ubi

518 1924 637 1996 corpus
655 1900 721 1970 eius
748 1895 890 1996 positum
906 1898 977 1989 fuit,
1003 1901 1038 1968 &
1060 1899 1154 1970 tertio
1173 1896 1225 1969 die
1251 1897 1391 1988 surrexit.
1421 1896 1554 1970 Ibidem

309 2025 487 2102 sanrrqpons-
516 2007 621 2078 modo
641 2004 722 2076 iussu
745 2011 932 2098 Constantini
949 2007 1155 2101 imperatoris
1180 2008 1299 2102 bufilr’ca
1322 2005 1408 2076 sassa
1428 2005 1485 2095 est,
1513 2003 1551 2074 id

339 2101 425 2138 ‘mm'
516 2114 571 2203 est,
588 2111 795 2184 dominicum
812 2114 892 2183 mire
911 2111 1170 2209 pulchritudinis,
1189 2109 1312 2182 habens
1330 2110 1373 2182 ad
1391 2111 1474 2182 latus
1491 2137 1550 2182 ex-

499 2221 670 2314 ceptoria,
697 2219 786 2290 unde
813 2245 899 2315 aqua
915 2219 1050 2312 levatur,
1077 2223 1112 2290 ὅ(
1135 2216 1290 2289 balneum
1312 2245 1332 2290 a
1354 2241 1460 2314 terg0‚
1490 2215 1550 2288 ubi

513 2323 652 2396 infantes
676 2326 833 2398 lavantur.
1273 2347 1279 2364 ·

562 2434 641 2503 stem
658 2430 699 2504 ab
720 2433 921 2504 Hierusalem
944 2433 1034 2504 eunti
1051 2430 1094 2503 ad
1115 2455 1259 2529 portam,
1283 2456 1348 2527 que
1366 2429 1411 2502 est
1428 2455 1548 2504 contra

307 2561 378 2609 vnn·
390 2563 498 2626 ronphn.
513 2541 683 2631 orientem,
702 2567 738 2612 ut
754 2539 947 2612 ascendatur
966 2543 1001 2611 in
1020 2565 1171 2612 montem
1188 2539 1323 2632 Oliveti,
1350 2540 1454 2627 vullis,
1479 2565 1547 2636 que

513 2645 629 2718 dicitur
645 2652 795 2742 sosupsrrr.
814 2646 866 2718 nd
880 2671 1008 2744 partem
1024 2645 1190 2738 finistram,
1210 2643 1266 2720 ubi
1282 2646 1356 2716 sunt
1371 2646 1476 2737 vinee,
1497 2646 1544 2716 est

511 2760 546 2826 ὅ(
563 2779 664 2850 petra,
684 2752 740 2825 ubi
764 2751 854 2824 ludas
878 2753 1027 2825 lscarioth
1045 2753 1209 2826 Christum
1229 2749 1379 2844 tradidit3
1406 2751 1450 2822 ad
1466 2778 1541 2850 par-

512 2891 579 2936 tem
592 2887 671 2934 vero
694 2860 842 2932 dextram
858 2861 902 2930 est
920 2860 1018 2933 arbor
1035 2861 1158 2959 palme,
1181 2858 1223 2930 de
1241 2885 1307 2955 qua
1328 2859 1470 2930 infantes
1491 2887 1541 2932 ra·

512 2997 585 3042 mos
611 2971 751 3043 tulerunt
773 2975 817 3062 &‚
843 2971 993 3043 veniente
1016 2969 1158 3057 Christo,
1186 2964 1431 3038 substraverunt.
1467 2967 1546 3040 lnde

329 3097 478 3172 monuments
512 3105 582 3150 non
606 3079 720 3177 longe,
754 3074 842 3173 quasi
867 3076 910 3149 ad
935 3077 1052 3175 lapidis
1078 3073 1225 3166 missum,
1258 3074 1330 3146 sunt
1360 3102 1547 3148 monumenta

303 3159 497 3208 ¹s'¹‘⁸‘E²“¹¹¹‘'
512 3182 592 3276 duo,
609 3182 794 3258 monubiles
812 3187 895 3256 mire
909 3182 1167 3282 pulchritudinis,
1186 3183 1291 3256 fana:
1309 3183 1344 3252 in
1362 3207 1465 3254 untun
1483 3207 1544 3278 po-

512 3290 585 3364 fitus
612 3294 657 3364 est
681 3297 780 3387 ssuim
797 3292 971 3390 propheta,
989 3291 1108 3389 quiesi
1128 3317 1203 3362 vere
1220 3286 1438 3381 monolithus,
1459 3288 1545 3358 &in

511 3399 611 3471 alium
626 3405 780 3494 Esubios,
799 3425 854 3470 rex
874 3399 1055 3470 ludeorum.

301 3529 477 3578 Monsonveu.
560 3506 636 3581 lnde
658 3505 803 3579 ascendis
827 3508 861 3576 in
889 3534 1015 3578 montem
1039 3509 1166 3596 Oliveri,
1196 3504 1251 3577 ubi
1275 3507 1440 3579 Dominus
1466 3532 1543 3580 ante

512 3612 692 3708 passionem
709 3614 886 3712 discipulos
904 3613 1027 3686 docuit.
1047 3612 1093 3685 lbi
1110 3614 1199 3684 faeta
1216 3613 1261 3683 est
1278 3611 1360 3685 iussu
1378 3615 1544 3686 Constan-

510 3721 567 3792 tini
579 3719 708 3792 bafilica
723 3724 804 3793 mite
817 3721 1075 3819 pulchritudinis.
1095 3718 1171 3792 lnde
1186 3746 1255 3793 non
1270 3721 1431 3821 longeest
1447 3747 1544 3794 mon-

511 3829 635 3921 ticulus,
661 3827 717 3900 ubi
733 3831 901 3901 Dominus
929 3827 1074 3900 ascendit
1103 3853 1207 3920 orare,
1238 3831 1273 3899 dc
1300 3832 1451 3928 apparuit
1479 3829 1545 3900 illic

508 3935 693 4030 Moyses&
718 3934 808 4028 Elias,
840 3934 976 4033 quando
1005 3938 1132 4009 Petrum
1161 3939 1196 4006 &
1221 3935 1402 4010 Iohannem
1434 3937 1543 4008 secum

507 4040 607 4115 duxit.
624 4042 758 4114 Indead
776 4043 937 4114 orientem
956 4039 1064 4139 passus
1083 4041 1171 4112 mille
1185 4043 1385 4141 quingentos
1399 4044 1444 4115 est
1456 4043 1544 4135 villa,

297 4168 414 4217 uenam.
508 4177 571 4246 que
588 4149 772 4247 appellatur
795 4155 958 4220 Bethania.
980 4147 1024 4220 sbi
1042 4149 1087 4220 est
1111 4173 1235 4246 crypta,
1254 4149 1310 4222 ubi
1326 4150 1462 4222 lazarus
1481 4173 1543 4246 po-

506 4256 579 4330 situs
595 4258 665 4348 fuit,
684 4281 782 4352 quem
803 4257 965 4328 suscitavit
982 4257 1156 4328 Dominus.

296 4380 393 4428 rancun,
555 4369 634 4436 stem
650 4363 692 4436 ab
711 4364 914 4436 Hierusalem
930 4365 963 4436 in
983 4369 1101 4436 Iericho
1168 4419 1174 4433 .
1242 4419 1248 4432 .
1318 4363 1420 4436 millia
1447 4383 1542 4436 xv111
