3446 5706
546 587 597 640 ur:
622 589 728 643 uocrs
752 587 920 642 snucrrs.
1150 568 1238 668 360*

74 817 154 867 tna
166 818 192 864 tc
247 804 299 870 De
314 821 405 890 porta
418 805 546 892 Purgius
561 805 654 890 usque
675 808 706 870 in
728 821 866 870 montem
890 805 1028 886 Buzana,
1042 805 1125 889 quod
1141 807 1236 870 inter-
1250 817 1321 866 xxn

205 909 340 978 pretatur
354 895 484 974 lucer-na,
497 893 561 958 mil.
572 916 622 958 xv.
637 892 685 957 lbi
700 897 847 980 pugnavit
858 894 960 958 David
977 917 1049 958 cum
1064 894 1169 961 Golia.
1186 895 1237 958 De

204 983 334 1048 Buaana
354 985 448 1068 usque
462 985 644 1067 Eleotupori
666 984 731 1048 mil.
753 1008 802 1048 xv.
825 985 877 1050 De
898 984 1073 1068 Eliotopori
1097 987 1236 1070 usquein

204 1073 321 1155 locum,
344 1075 396 1137 ubi
425 1075 503 1137 iacet
514 1073 643 1161 Alsansius
663 1075 840 1152 Zacharias,
860 1076 924 1137 mil.
944 1076 983 1158 vj.
1006 1074 1058 1137 De
1082 1075 1144 1158 ipso
1165 1073 1236 1138 loco

204 1161 300 1246 usque
314 1161 510 1227 Ascalona&
524 1161 616 1247 usque
632 1162 724 1229 Gaza
737 1163 802 1226 mil.
817 1165 869 1247 xij.

245 1249 332 1315 Inter
346 1251 530 1316 Ascalonam
544 1252 575 1316 δι
590 1251 715 1318 Gazam
737 1253 876 1317 civitates
899 1252 984 1332 duas,
1005 1251 1034 1314 id
1056 1253 1099 1315 est
1120 1253 1234 1316 Antio·
1248 1269 1330 1316 xxm

203 1343 286 1404 noda
303 1341 333 1404 δι
349 1340 497 1405 Maeona.

244 1429 296 1494 De
312 1429 406 1496 Gaza
421 1430 515 1515 usque
529 1431 695 1515 Raphidon
711 1430 775 1494 mil
790 1432 882 1513 xxvij.
898 1428 950 1492 De
961 1430 1126 1514 Raphidon
1142 1431 1235 1516 usque

99 1538 118 1586 f.
130 1552 187 1601 129.
202 1519 367 1598 Betuliam,
378 1520 429 1582 uhi
442 1520 602 1586 Olofernis
617 1538 757 1584 mortuus
769 1519 820 1601 elh
835 1521 898 1583 mil.
909 1521 962 1604 xij.
981 1519 1033 1583 De
1045 1518 1235 1583 Hierusalem

201 1606 294 1690 usque
310 1608 434 1688 Sinoda,
447 1610 490 1672 ihi
511 1609 568 1672 sirit
588 1609 695 1673 Archa
713 1607 906 1672 Testamenti
922 1605 1065 1688 Domini,
1085 1607 1149 1671 mil.
1172 1609 1234 1690 viij.

201 1694 255 1759 De
280 1693 394 1760 Sinoda
419 1697 512 1781 usque
537 1698 568 1760 in
589 1699 737 1777 Amaum,
758 1699 811 1781 qui
835 1719 918 1760 nunc
943 1695 1095 1780 Neapolis
1116 1697 1236 1776 dicitur,

201 1785 267 1848 mil.
284 1787 347 1870 viij.
363 1783 399 1848 ln
414 1807 475 1869 qua
488 1787 593 1848 Amau
604 1784 723 1850 sanetus
734 1786 891 1869 Cleuphas
902 1787 1050 1870 cognovit
1059 1783 1234 1849 Dominum

201 1875 234 1938 in
249 1875 404 1939 fraccione
416 1875 511 1958 panis,
525 1874 608 1939 ibi&
624 1877 802 1960 martyrium
814 1874 948 1960 pertulit.
965 1874 1016 1939 De
1026 1876 1129 1937 Amau
1141 1872 1234 1959 usque

200 1965 232 2026 in
249 1962 415 2046 Diopolim
429 1962 493 2025 mil.
507 1964 559 2046 xij.
574 1960 622 2025 lbi
636 1961 755 2028 sanstus
767 1963 940 2048 Gregorius
954 1965 1167 2049 martyrizatus
1181 1960 1234 2041 est,

200 2053 243 2116 ibi
259 2053 288 2116 δι
303 2072 414 2135 corpus
429 2053 504 2131 eius,
517 2050 548 2114 ἃ
562 2051 659 2116 multa
673 2052 929 2126 mirabiliasiunt.

241 2141 293 2206 De
309 2139 441 2223 Diopoli
456 2141 488 2203 in
502 2137 601 2224 Iopen
615 2141 680 2205 mil.
695 2143 751 2227 xij.
766 2140 813 2205 lbi
828 2141 947 2206 sanstus
962 2141 1070 2208 Petrus
1084 2141 1234 2207 suscitavit
1245 2161 1314 2210 xxv

200 2231 333 2295 sansham
346 2229 507 2310 Tabitam,
521 2231 563 2294 ibi
577 2229 608 2294 δι
622 2247 722 2296 coetus
737 2232 862 2295 iastavit
882 2231 910 2296 se
933 2231 1016 2294 visto
1039 2227 1158 2295 Ionam.
1179 2230 1233 2296 De

74 2333 90 2380 t.
104 2334 186 2397 1291».
201 2317 299 2404 Iopen
314 2319 460 2402 usquead
476 2318 637 2384 Cesaream
653 2319 802 2385 Palestine
816 2320 880 2384 mil.
901 2343 971 2384 xxx.
993 2317 1041 2384 lbi
1060 2321 1233 2405 baptizatus

201 2409 245 2473 est
260 2407 425 2476 Cornelius
440 2429 457 2470 a
471 2406 574 2471 sanslo
590 2405 682 2471 Petro
697 2408 952 2493 &martyrizatus
967 2408 1018 2470 est.

243 2497 294 2562 De
309 2495 434 2562 Cesaria
448 2495 541 2581 usque
556 2498 586 2560 in
597 2496 781 2562 Diocesarea
794 2497 859 2561 mil.
873 2521 944 2561 xxx.
959 2494 1035 2561 Inde
1050 2497 1231 2583 suitSymon
1245 2515 1329 2564 xxv1

200 2607 315 2670 magos.
339 2584 391 2648 De
413 2583 591 2649 Diocesaria
610 2588 703 2670 usque
722 2589 753 2650 in
775 2587 882 2652 Canan
905 2584 1037 2651 Galileae
1051 2585 1115 2649 mil.
1130 2609 1158 2650 v.
1182 2586 1233 2651 De

201 2673 381 2740 Diocesaria
395 2671 488 2757 usque
503 2674 661 2738 Nazareth
678 2676 741 2738 mil.
755 2697 784 2738 v.
801 2675 853 2738 De
867 2675 1025 2738 Nazareth
1041 2675 1236 2760 usqueTha-

199 2765 268 2828 buri
298 2762 362 2824 mil.
390 2763 443 2846 vij,
471 2763 523 2825 ubi
549 2763 708 2828 Dominus
736 2765 804 2849 post
839 2761 1087 2828 resumeslionem
1115 2770 1235 2849 aparuit

199 2876 218 2917 a
242 2851 356 2915 ostolis.
1282 2868 1288 2882 ’“

219 2877 293 3003 pDe
318 2939 510 3004 Hierusalem
525 2942 578 3004 ubi
593 2940 752 3026 Philippus
773 2940 941 3023 baptizavit
962 2941 1148 3020 eunuchum,
1169 2942 1303 3006 milxxr

110 3085 116 3098 ·
158 3065 185 3098 ⁰·
199 3027 354 3196 'lull
368 3025 1233 3202 llhstssztlllltlussislxxllpsus]

199 3207 241 3270 ibi
257 3207 449 3292 requiescunt
462 3210 642 3293 patriarche,
664 3208 727 3271 mil.
742 3208 793 3292 vij.
816 3203 868 3270 De
882 3205 1025 3290 spelunca
1039 3205 1171 3287 duplicae
1185 3208 1233 3272 us-

199 3319 260 3381 que
275 3297 305 3360 in
320 3295 427 3360 Ebron
442 3298 506 3361 mil.
521 3299 552 3381 ij.
573 3295 621 3361 lbi
641 3298 790 3361 habitavit
808 3295 927 3361 sanstus
947 3296 1050 3361 David
1065 3297 1106 3381 vij
1123 3318 1229 3379 annos,

199 3386 324 3470 quando
338 3385 474 3468 fugiebat
487 3402 558 3450 ante
571 3385 652 3451 Saul.

242 3473 295 3537 De
324 3472 516 3538 Hierusalem
549 3476 581 3538 in
609 3475 777 3552 Rachama,
800 3473 874 3538 hubi
912 3472 1072 3559 requiescit
1100 3471 1232 3556 Samuel,
1242 3485 1325 3533 xxlv

198 3561 264 3625 mil.
284 3583 313 3625 v.

243 3647 295 3714 De
310 3650 510 3731 Hierusalem,
523 3652 598 3715 hubi
619 3652 767 3716 habitavit
784 3649 948 3730 Elisabeth,
961 3669 1057 3716 mater
1070 3652 1162 3718 unsri
1177 3649 1230 3718 Io·
1243 3661 1291 3710 XV

90 3811 91 3814 Ἴ
199 3739 311 3802 hannis
325 3738 470 3823 Baptiste,
483 3739 547 3802 mil
564 3761 592 3804 v.

242 3825 294 3890 De
309 3827 500 3891 Hierusalem
515 3828 608 3914 usque
628 3829 733 3908 Nabo,
752 3828 828 3892 hubi
851 3843 940 3894 natus
962 3828 1134 3895 Hieremias
1155 3853 1229 3916 pro-
1242 3829 1302 3877 xlv

201 3915 303 3998 pheta,
317 3917 369 3980 ubi
384 3914 415 3979 &
429 3917 599 4001 requiescit,
612 3916 677 3980 mil.
691 3918 732 4001 vj.

72 4017 148 4080 t13o
160 4019 183 4065 b.
241 4001 293 4066 De
308 4002 500 4067 Hierusalem
514 4006 546 4067 in
561 4003 711 4068 Bethania
724 4004 787 4068 mil.
803 4006 834 4088 ij,
853 4006 904 4068 ubi
920 4005 1103 4072 resuscitavit
1117 4007 1231 4074 Domi·
1242 4021 1302 4069 xm

197 4113 258 4155 nus
267 4089 371 4156 lhesus
378 4090 802 4157 LazarumDeHiemsalem
814 4092 944 4178 usquein
955 4110 1093 4158 montem
1100 4097 1230 4180 oliveti,

199 4179 284 4264 quod
301 4179 439 4246 scribitur
457 4179 551 4243 stadia
570 4181 624 4266 vij,
644 4181 708 4245 mil.
719 4203 743 4267 J
764 4179 841 4245 Inde
864 4181 1021 4246 Dominus
1044 4183 1178 4251 ascendit
1197 4188 1229 4250 in

199 4267 308 4348 coelos,
322 4268 374 4331 ubi
390 4267 457 4332 sunt
471 4269 614 4333 fabricate
629 4291 758 4334 numero
772 4271 856 4354 xxiiij
872 4270 1029 4336 aecclesias.

240 4355 293 4421 De
307 4372 414 4422 monte
430 4357 551 4424 Oliveti
565 4357 658 4442 usque
673 4359 704 4422 in
719 4362 822 4422 vicum
836 4358 1024 4444 Ermipholi,
1042 4361 1094 4424 ubi
1113 4363 1230 4426 dormi·
1241 4375 1289 4422 xv
