3354 5706
428 548 480 602 DE
504 547 609 600 Locls
636 547 762 602 SANCT
763 548 802 602 18.
1060 551 1126 604 221

91 771 246 847 dextram
259 773 302 846 de
313 799 392 872 rupe
403 770 526 844 montis
538 771 663 844 Oliveti
679 771 831 844 excisa&
849 771 995 868 separata
1007 769 1127 843 domus

91 881 161 954 duo
178 906 298 956 cavata
311 879 571 978 habetsepulcro,
586 878 653 948 hoc
666 877 959 972 estsimeonnsents
971 878 1002 948 e
1013 881 1131 974 loseplr,

91 987 202 1060 senile
220 989 323 1061 Marie
336 985 452 1086 sponsi.
472 991 505 1058 ln
522 984 640 1058 eadem
654 984 737 1057 valle
746 988 855 1080 sande
870 986 988 1056 morie
1003 987 1130 1056 rotunda

92 1095 136 1165 est
153 1097 289 1187 ecclefin,
313 1095 447 1193 lapideo
465 1093 610 1166 tabulato
637 1090 784 1182 discreta,
811 1093 901 1162 cuius
926 1091 960 1162 in
987 1091 1129 1187 superio·

93 1209 180 1282 ribus
207 1234 351 1306 quatuor
374 1210 496 1299 altaria,
524 1211 559 1279 in
575 1205 780 1280 inferioribus
807 1233 910 1279 unum
938 1203 1073 1278 babetur
1097 1207 1132 1276 in

94 1318 248 1390 orientali
265 1318 376 1416 plaga,
391 1314 482 1388 &ad
497 1316 563 1387 eius
581 1312 728 1385 dextram
745 1339 960 1386 monumentum
978 1339 1132 1407 vacuum,

94 1426 126 1495 in
144 1449 216 1520 quo
240 1423 349 1496 santia
367 1424 469 1496 Maria
491 1419 693 1519 aliquamdiu
716 1418 863 1517 pausalle
884 1418 1018 1513 dicitur3
1041 1420 1133 1494 seda

94 1556 162 1627 quo
192 1531 249 1604 vel
282 1528 418 1628 quando
450 1527 486 1600 stt
516 1527 647 1620 ablata,
674 1528 821 1599 nescitur.
850 1527 949 1598 l=lanc
974 1528 1132 1601 intrantes

96 1637 209 1710 vident
245 1637 289 1710 ad
323 1636 471 1709 dextram
499 1633 650 1706 insertam
680 1634 796 1730 parieti
824 1656 965 1731 petram,
997 1636 1031 1706 in
1066 1661 1132 1733 qua

97 1745 263 1816 Dominus
275 1749 387 1836 nodie,
402 1769 468 1840 qua
481 1740 678 1832 tradebatur,
692 1744 809 1831 oravit,
831 1742 971 1842 vestigiis
985 1767 1131 1842 genuum

101 1850 187 1950 quast
205 1877 282 1924 cera
299 1852 392 1924 molli
408 1849 574 1948 impressis.

97 2143 147 2214 Vl.
172 2148 223 2212 De
241 2145 321 2229 loco,
348 2146 400 2212 ubt'
408 2145 573 2237 suspensus
590 2149 630 2234 est
646 2145 749 2232 ludos,
777 2142 808 2212 e
833 2146 871 2215 de
891 2145 1128 2216 olclteldernoclt.

143 2309 274 2382 Portam
293 2305 402 2380 David
420 2304 661 2405 egredientibus
687 2319 793 2404 pons⁶
827 2311 978 2398 occurrit,
1002 2311 1036 2381 in
1061 2309 1131 2382 aus-

104 2443 185 2488 trum
198 2441 258 2513 per
270 2415 391 2490 vallem
405 2413 555 2506 diretius,
567 2412 610 2486 ad
626 2417 716 2486 cuius
728 2415 941 2489 medietatem
953 2414 996 2488 ab
1012 2417 1131 2488 occasu

100 2527 186 2594 ludos
204 2523 237 2595 se
255 2519 452 2618 suspendille
471 2546 624 2593 narratur.
642 2523 730 2594 Nam
747 2524 782 2593 ἃ
798 2521 877 2594 ficus
895 2549 1018 2622 magna
1034 2523 1079 2597 ibi
1092 2548 1131 2596 ac

101 2629 304 2703 vetustiffima
321 2629 391 2721 stat,
408 2629 495 2700 iuxta
514 2627 607 2724 quod
621 2634 776 2700 Iuvencus
793 2631 853 2702 ait:

284 2765 437 2850 lnsormem
451 2767 550 2852 rapuit
554 2767 627 2852 ficus
641 2769 674 2831 dc
688 2770 791 2832 vertice
805 2783 926 2833 mortem.

144 2894 242 2966 Porro
256 2895 496 2984 acheldemach,
515 2892 558 2965 ad
572 2893 742 2967 australem
754 2895 891 2994 plagam
904 2899 1025 2969 montis
1039 2899 1134 2991 Sion,

103 3001 335 3098 peregrinos&
346 2998 508 3097 ignobiles
523 3026 673 3073 mortuos
687 3000 787 3074 hodie
801 3029 935 3100 quoque
956 3004 1037 3075 alios
1050 3027 1133 3075 terra

103 3106 187 3203 tegit,
203 3106 288 3178 alios
305 3105 496 3178 inhumatos
514 3108 696 3203 putrefacit.

104 3393 164 3467 Vll.
175 3401 226 3467 ‘De
237 3424 336 3469 monte
346 3398 473 3485 Olivett',
488 3399 570 3469 &de
581 3399 699 3497 ecclefia
710 3403 753 3470 ibi
760 3405 906 3494 fundato,
920 3407 971 3473 ubi
980 3410 1132 3476 Dominus

273 3508 315 3574 ad
331 3507 412 3576 celos
430 3509 574 3600 ascendit,
593 3509 631 3577 de
646 3535 831 3580 monumento
847 3513 955 3605 lotari

444 3613 475 3683 ὃ
493 3615 531 3683 de
548 3619 638 3684 tertia
655 3618 785 3710 ecclesio.

151 3781 255 3851 Mons
270 3783 430 3852 Olivamm
443 3781 531 3852 mille
545 3780 587 3854 ab
601 3782 804 3854 Hierusalem
817 3781 970 3857 discretus
983 3781 1134 3882 pastibus,

109 3884 271 3960 altitudine
280 3890 388 3959 monti
396 3888 474 3960 Sion
488 3914 549 3985 par
561 3889 616 3981 est,
629 3888 685 3962 sed
696 3887 867 3962 latitudine
879 3893 914 3962 dt
925 3890 1134 3990 longitudine

110 3993 226 4086 prestat.
246 3995 390 4093 Exceptis
407 3994 526 4069 vitibus
542 4000 578 4069 &
595 3997 700 4089 olivis
719 4024 789 4070 tara
807 3998 895 4070 ferax
913 3997 1049 4091 arboris,
1066 3999 1132 4070 fru-

111 4102 205 4172 menti
218 4127 353 4200 quoque
365 4105 400 4176 δι
412 4101 528 4176 hordei
540 4103 660 4194 fertilis,
673 4129 782 4200 neque
796 4107 885 4179 enim
897 4103 1058 4200 brucosa?
1078 4106 1133 4179 sed

143 4325 164 4360 a
178 4309 215 4362 Al.
227 4310 291 4364 forn.
306 4339 339 4352 -
352 4313 377 4366 b.
392 4311 431 4365 Al.
445 4313 661 4379 mensnraucoh,
675 4315 772 4384 rupost.
