3390 5720
517 471 582 520 120
819 466 1042 518 ANTONINUS
1067 467 1241 520 MARTYR

552 687 673 753 Exinde
694 686 834 749 venimus
854 685 884 747 in
907 684 1042 766 partibus
1057 683 1151 768 Syrie,
1175 683 1227 746 ubi
1251 683 1413 766 requiescit
1428 683 1547 748 sanstus

514 778 674 854 Leontius,
688 797 748 859 que
763 775 870 836 civitas
885 790 1023 856 tempore
1034 771 1190 862 Iustiniani
1205 775 1396 856 imperatoris
1412 773 1548 837 subversa

514 869 587 931 esta
601 884 677 929 terre
688 880 774 926 motu
782 885 855 925 cum
863 863 929 926 aliis
941 863 1124 924 civitatibus·
1139 862 1291 924 Venimus
1302 863 1414 925 exinde
1425 863 1549 942 Bibolo,

514 980 574 1040 que
589 957 619 1019 δι
634 953 694 1036 ipsa
715 953 822 1016 civitas
846 973 916 1013 cum
940 951 1082 1013 omnibus
1104 949 1238 1012 subversa
1253 950 1302 1013 est.
1318 949 1399 1014 Exin
1425 953 1550 1014 civitate

513 1045 627 1122 Triari,
650 1064 710 1125 que
732 1043 760 1104 dc
780 1039 842 1122 ipsa
856 1039 992 1102 subversa
1006 1038 1056 1102 est.
1080 1037 1204 1102 Deinde
1221 1041 1360 1102 venimus
1375 1042 1407 1102 in
1422 1042 1548 1103 civitate

515 1131 747 1218 splendidiffima
761 1127 912 1207 lhericho,
927 1130 957 1191 in
974 1150 1033 1211 qua
1047 1151 1144 1212 nuper
1159 1131 1215 1192 suit
1226 1130 1357 1192 studium
1369 1131 1551 1206 litterarum,

514 1247 574 1309 que
599 1223 705 1286 civitas
730 1219 864 1282 subversa
890 1221 963 1296 fuit,
994 1220 1115 1282 dicente
1140 1221 1228 1284 nobis
1251 1219 1394 1304 episcopo
1417 1220 1552 1282 civitatis

515 1315 587 1396 quia
605 1311 728 1394 cognite
748 1310 866 1371 fuerant
881 1307 1016 1391 persone,
1039 1325 1169 1392 excepto
1185 1311 1350 1394 peregrinis
1369 1309 1422 1394 qui
1440 1309 1483 1370 ibi
1499 1331 1554 1390 pe-

514 1403 633 1464 rierant.
648 1397 714 1482 Ipsa
729 1399 835 1460 civitas
854 1397 933 1458 iacet
954 1398 1006 1458 sub
1022 1413 1167 1462 montana
1189 1399 1310 1462 Libani.
1332 1401 1362 1462 A
1377 1399 1485 1460 Berito
1500 1419 1555 1458 ve-

518 1491 620 1553 nimus
635 1488 766 1572 Sydone,
787 1508 848 1569 que
869 1495 1015 1569 exparte
1038 1488 1109 1565 ruit,
1134 1488 1163 1550 dv
1184 1488 1245 1570 ipsa
1271 1490 1395 1551 adheret
1419 1487 1554 1550 Libano.

521 1579 673 1642 Homines
696 1578 726 1638 in
745 1597 780 1636 ea
802 1574 925 1658 peffimi.
949 1571 1017 1636 lllic
1032 1577 1126 1638 currit
1139 1577 1249 1639 fluvius
1264 1577 1471 1659 Asclepius&
1486 1577 1555 1639 sons

518 1668 599 1730 unde
621 1666 711 1748 surgit
733 1664 796 1726 slat.
822 1661 873 1726 De
888 1664 1010 1746 Sydone
1031 1665 1171 1728 venimus
1187 1664 1342 1748 Sareptha,
1362 1688 1424 1748 que
1445 1666 1556 1728 civitas

517 1757 639 1820 modica
660 1755 690 1817 dt
705 1753 792 1816 valde
807 1752 966 1817 christiana
981 1753 1032 1832 est,
1053 1755 1083 1815 in
1100 1776 1160 1837 qua
1175 1757 1357 1818 cenaculum
1372 1755 1449 1817 illud
1468 1755 1555 1837 quod

517 1845 632 1909 fastum
647 1846 742 1924 suerat
757 1841 856 1924 Helye
872 1842 900 1904 &
915 1841 1029 1904 lectum
1045 1843 1096 1904 ubi
1111 1845 1261 1922 recubuit,
1284 1845 1404 1908 &alius
1420 1865 1557 1906 mamo-

517 1956 585 1997 reus
596 1934 646 1995 ubi
654 1933 705 1994 illa
713 1931 805 1991 vidua
816 1932 1015 1993 fermentavit.
1028 1929 1063 1992 ln
1075 1953 1137 2012 quo
1146 1931 1216 1994 loco
1229 1934 1325 1995 multa
1335 1931 1557 2010 osleruntur,&

518 2029 644 2090 virtutes
668 2024 764 2085 multe
783 2021 869 2084 fiunt.
885 2019 1076 2086 Exeuntibus
1099 2026 1188 2088 nobis
1204 2027 1242 2087 de
1256 2026 1389 2110 Sarepta,
1412 2026 1557 2089 venimus

519 2117 550 2178 in
569 2115 692 2178 civitate
706 2112 805 2194 Tyro.
830 2112 860 2173 A
880 2110 969 2194 Tyro
992 2111 1084 2194 usque
1112 2113 1278 2196 Sareptam,
1300 2117 1448 2178 continue
1471 2116 1559 2178 milia

519 2205 569 2288 vij.
584 2204 688 2286 Tyrus
711 2202 769 2262 hec
793 2200 898 2262 civitas
918 2201 1059 2264 homines
1082 2220 1222 2284 potentes
1238 2205 1300 2266 vita
1315 2205 1447 2288 peffima,
1473 2221 1559 2266 tanta

519 2293 713 2372 luxuriaque
729 2289 788 2350 dici
806 2311 867 2350 non
883 2289 989 2371 potest.
1006 2289 1119 2374 Gignit
1134 2293 1227 2354 etiam
1240 2294 1362 2376 publica
1372 2293 1558 2356 olosericum

519 2384 549 2446 ἃ
564 2379 677 2444 diversa
691 2399 802 2461 genera
817 2377 953 2438 telarum.
980 2381 1023 2440 At
1034 2401 1106 2442 vcro
1122 2381 1160 2442 de
1174 2381 1263 2464 Tyro
1278 2384 1417 2445 venimus
1433 2383 1464 2444 in
1481 2383 1560 2444 civi-

520 2487 614 2534 tatem
628 2468 795 2544 Nazareth,
809 2467 841 2528 in
857 2489 917 2550 qua
932 2467 998 2529 sunt
1013 2469 1108 2530 multe
1121 2471 1256 2533 virtutes.
1272 2467 1318 2532 Ibi
1331 2471 1423 2532 etiam
1440 2473 1557 2554 pendet

521 2561 643 2623 thomus
667 2557 697 2618 in
727 2579 788 2638 quo
812 2554 968 2618 Dominus
992 2574 1084 2640 caput
1102 2558 1209 2620 habuit
1232 2558 1414 2641 impositum.
1437 2559 1475 2622 In
1499 2582 1559 2644 qua

521 2651 613 2711 etiam
632 2645 780 2730 synagoga
802 2645 896 2726 polita
919 2645 970 2724 est,
992 2649 1092 2726 travis,
1115 2649 1166 2710 ubi
1188 2670 1260 2710 cum
1282 2649 1348 2713 aliis
1371 2650 1495 2713 sedebat
1514 2653 1560 2712 in-

522 2737 661 2801 lantibus.
679 2733 753 2820 Que
768 2733 857 2796 travis
873 2733 1076 2798 aChristianis
1089 2737 1259 2820 agitatur&
1275 2737 1456 2818 sublevatur,
1470 2736 1558 2801 Iudei

521 2847 593 2890 vero
612 2823 698 2886 nullo
721 2823 814 2883 modo
834 2819 956 2903 possunt
977 2845 1043 2885 eam
1068 2827 1190 2907 agitare,
1211 2825 1253 2889 set
1281 2849 1339 2889 nec
1360 2830 1512 2910 permittit
1532 2827 1559 2889 se

521 2918 600 2979 foras
622 2911 698 2975 tolli.
715 2909 838 2973 Domus
860 2909 958 2973 sandie
974 2911 1092 2975 basrlica
1115 2911 1165 2975 est.
1186 2913 1227 2976 Et
1250 2915 1345 2977 multa
1361 2913 1402 2976 ibi
1423 2914 1493 2978 sunt
1507 2917 1559 2978 be-

521 3003 630 3067 neficia
644 3001 682 3061 de
697 2983 881 3061 vestimentis
895 3000 968 3062 eius.
984 2999 1019 3062 In
1031 3001 1155 3064 civitate
1166 3023 1239 3065 vero
1253 3004 1305 3066 illa
1316 3021 1399 3066 tanta
1410 3006 1454 3068 est
1464 3007 1559 3088 gratia

522 3094 685 3155 mulierum
699 3089 891 3166 hebreorum,
906 3104 938 3149 ut
953 3090 983 3151 in
1001 3105 1078 3152 terra
1092 3090 1144 3154 illa
1153 3093 1231 3154 inter
1245 3091 1384 3155 Hebreos
1401 3093 1558 3176 pulchrio-

521 3202 568 3244 res
589 3202 652 3243 non
668 3179 868 3241 inveniantur.
889 3176 931 3240 Et
944 3179 1004 3242 hoc
1020 3181 1058 3242 de
1074 3179 1173 3242 saneta
1191 3180 1293 3243 Maria
1314 3181 1365 3244 fibi
1381 3181 1558 3245 concessum

524 3271 640 3332 dicunt.
1050 3293 1058 3307 ·

563 3357 690 3422 Nam&
706 3371 862 3438 parentem
878 3355 959 3419 suam
974 3359 1081 3421 dicunt
1096 3382 1173 3422 eam.
1190 3359 1231 3423 Et
1247 3361 1320 3423 dum
1338 3361 1423 3422 nulla
1434 3359 1471 3423 srt
1483 3363 1559 3424 cari-

524 3464 567 3510 tas
592 3445 721 3510 Hebreis
749 3465 818 3527 erga
843 3443 1040 3525 Christianos,
1071 3447 1122 3509 ille
1150 3471 1222 3511 vero
1252 3449 1336 3511 omni
1358 3447 1414 3511 sint
1434 3450 1560 3512 caritate

524 3537 622 3621 plene.
643 3535 798 3599 Provintia
818 3536 961 3618 paradyso
985 3535 1086 3599 similis
1108 3539 1138 3599 in
1155 3539 1267 3616 tritico,
1291 3537 1322 3600 in
1338 3537 1438 3620 fruges
1456 3538 1558 3600 similis

525 3627 656 3712 Egypto.
673 3623 766 3687 Modi
782 3624 916 3707 quidem,
932 3623 973 3687 set
984 3627 1122 3707 precellit
1138 3628 1167 3688 in
1184 3628 1267 3708 vino,
1282 3627 1311 3690 δι
1326 3628 1407 3706 oleo,
1422 3627 1451 3690 δι
1467 3649 1557 3711 poma

525 3717 734 3798 melliumque,
750 3713 835 3776 set&
852 3713 971 3776 milium
992 3723 1075 3778 evitra
1090 3733 1228 3778 naturam
1249 3717 1346 3779 altum
1361 3717 1452 3780 nimis
1474 3717 1558 3800 super

523 3805 633 3867 statum
647 3803 791 3881 hominia,
806 3803 885 3866 talea
900 3801 1005 3887 grossa.

566 3893 617 3956 De
632 3891 788 3956 Nazareth
810 3892 949 3955 venimus
976 3893 1006 3955 in
1029 3911 1133 3957 monte
1154 3893 1293 3975 Thabor,
1312 3898 1364 3980 qui
1387 3914 1477 3958 mons
1499 3893 1558 3956 exit

440 4018 444 4026 ·
525 3985 556 4048 in
578 3982 680 4046 medio
702 3980 869 4063 campestri,
897 3997 973 4044 terra
998 3983 1066 4045 viva
1088 4001 1195 4048 tenens
1218 3987 1390 4063 circuitum,
1414 3984 1498 4047 milia
1512 3983 1559 4060 vi,

526 4071 678 4135 ascensum
694 4073 777 4134 milia
804 4073 857 4155 iij,
879 4071 989 4132 sursum
1009 4074 1044 4134 ad
1070 4095 1165 4134 unum
1189 4074 1361 4138 miliarium.
1385 4073 1513 4136 Planum
1528 4073 1555 4134 in

526 4188 588 4249 quo
601 4163 667 4226 sunt
681 4180 740 4226 tres
755 4163 888 4242 ecclesie,
909 4163 959 4224 ubi
975 4187 992 4226 a
1006 4163 1160 4246 discipulis
1179 4167 1297 4228 dietum
1318 4166 1374 4229 est:
1399 4163 1556 4228 Faciamus

526 4256 576 4317 hic
591 4254 646 4316 tria
661 4253 862 4316 tabernacula.
887 4249 923 4314 ln
938 4252 1066 4316 circuitu
1089 4254 1201 4317 diverse
1216 4256 1363 4334 civitates,
1378 4278 1438 4337 que
1454 4256 1484 4317 in
1499 4253 1556 4316 Re-

527 4364 599 4426 gum
614 4343 764 4426 leguntur.
789 4343 839 4407 De
853 4343 985 4407 Thabor
1004 4343 1142 4406 venimus
1162 4345 1199 4405 ad
1215 4365 1297 4406 mare
1310 4344 1507 4428 Tyberiadis,
1528 4344 1554 4404 in
