3390 5720
504 512 552 610 98
792 529 1015 584 nurouruus
1040 529 1214 583 unsrun

491 749 549 822 'ad
562 751 652 822 sacra
669 748 816 840 mysteria
833 745 891 818 sub
909 746 988 821 divo
1006 751 1167 820 &tenent
1184 775 1233 838 ea,
1252 746 1421 820 descendit
1441 749 1541 819 sacer·

505 855 567 927 dos
591 858 625 928 in
642 854 790 947 fluvium,
808 859 843 924 ὅ(
860 854 952 946 hora,
972 881 1037 951 qua
1055 859 1177 953 ceperit
1193 854 1389 928 benedicere
1408 880 1543 950 aquam,

505 990 586 1036 mox
603 961 747 1034 lordanis
770 987 848 1032 cum
866 988 992 1060 magno
1019 961 1148 1058 strepitu
1173 964 1248 1060 post
1271 965 1302 1034 se
1323 964 1495 1036 revertitur
1511 965 1545 1030 δι

506 1071 567 1142 stat
584 1096 670 1167 aqua
687 1070 844 1166 superior,
864 1070 965 1164 usque
983 1067 1064 1140 dum
1081 1068 1260 1166 baptismus
1278 1069 1484 1167 perficiatur,
1497 1069 1547 1138 in-

509 1179 609 1250 ferior
621 1202 700 1249 vero
718 1175 788 1246 sluit
805 1177 839 1245 in
854 1202 955 1268 mare,
969 1175 1099 1248 dicente
1114 1177 1290 1249 Psalmista:
1306 1180 1410 1248 mare
1423 1175 1547 1246 vidis&

501 1292 615 1381 fugin
642 1285 781 1354 lordonis
809 1287 966 1378 conversus
988 1291 1027 1376 est
1050 1288 1221 1378 retrorsum.
1254 1284 1289 1355 Er
1315 1309 1404 1354 nunc
1430 1307 1548 1354 omnes

509 1390 732 1492 Alexandrini,
755 1393 813 1486 qui
835 1417 934 1462 naves
956 1389 1090 1482 habent,
1109 1416 1185 1461 cum
1207 1387 1396 1462 hominibus
1423 1389 1550 1460 calatos

510 1499 626 1594 plenos
643 1497 898 1570 aromatibus&
915 1495 1061 1570 balsamo
1082 1521 1239 1589 tenentes,
1257 1497 1349 1587 hora,
1364 1523 1431 1592 qua
1449 1497 1551 1567 sacer·

510 1603 571 1676 dos
590 1604 790 1678 benedixerit
816 1606 956 1694 sontem,
981 1630 1160 1702 antequam
1184 1606 1345 1701 incipiant
1369 1602 1549 1700 baptizate,

509 1713 653 1784 fundunt
677 1711 751 1784 illos
778 1712 901 1782 celatos
923 1713 957 1781 in
974 1710 1112 1783 fluvium
1128 1711 1304 1782 &tollunt
1329 1709 1406 1781 inde
1424 1737 1550 1806 aquarn

510 1817 730 1906 benedielam,
749 1821 784 1888 δι
802 1817 919 1889 exinde
937 1818 1062 1890 faciunt
1082 1844 1205 1913 aquam
1223 1815 1412 1915 asperfionis
1430 1818 1464 1889 in
1490 1844 1547 1888 na·

511 1925 604 1999 vibus
627 1926 698 2017 suis,
725 1949 903 2020 antequam
922 1949 1039 1996 exeant
1054 1925 1096 1996 ad
1120 1924 1355 2023 navigandum.
1382 1925 1550 2022 Baptilino

511 2032 692 2130 complet0‚
720 2057 836 2101 omnes
858 2030 1061 2104 descendunt
1084 2035 1117 2103 in
1142 2029 1280 2103 fluvium
1304 2057 1366 2128 pro
1390 2028 1547 2102 benedic·

513 2140 614 2231 tione,
631 2136 739 2210 induti
755 2135 943 2209 findonibus
963 2136 1014 2225 (ἃ
1032 2138 1100 2209 aliis
1125 2139 1234 2209 multis
1255 2135 1453 2234 speciebus),
1472 2161 1553 2231 quas

511 2241 570 2316 srbi
590 2245 632 2316 ad
652 2245 854 2341 sepulturam
873 2245 1009 2318 servant.
1030 2243 1198 2318 Omnibus
1215 2245 1377 2342 persech's,
1400 2269 1489 2338 aqua
1506 2269 1554 2312 re-

512 2355 647 2424 vertitur
662 2354 696 2425 in
714 2353 826 2424 locum
843 2352 945 2423 suum.
969 2354 1004 2424 Et
1029 2351 1118 2424 unde
1142 2353 1242 2450 surgit
1259 2349 1406 2423 Iordanis
1431 2376 1452 2421 a
1470 2351 1555 2420 mari

512 2457 693 2531 Tiberiadis
718 2459 819 2554 usque
844 2457 887 2528 ad
911 2485 1001 2530 mare
1028 2460 1220 2550 Salinarum,
1247 2457 1303 2530 ubi
1331 2456 1453 2548 delicit,
1482 2457 1556 2527 sunt

515 2565 616 2637 millia
632 2591 723 2638 curm.

583 2815 647 2886 Xll.
670 2817 820 2909 Spelunca
834 2817 1020 2909 puellarum,
1049 2821 1257 2906 monasterium
1274 2817 1308 2883 5.
1328 2817 1487 2883 solennis.

470 3029 475 3040 ·
567 3005 602 3074 ln
625 3001 695 3097 ipsa
715 3026 795 3072 vero
820 3003 890 3096 ripa
914 2998 1057 3071 Iordanis
1078 2999 1122 3070 est
1144 2999 1308 3094 spelunca,
1328 2998 1363 3068 in
1391 3023 1458 3094 qua
1484 2998 1557 3068 sunt

517 3111 626 3185 cellule
636 3112 755 3202 septem
772 3135 836 3177 cum
846 3112 963 3203 septem
975 3109 1103 3202 puellis,
1127 3131 1191 3201 que
1208 3105 1284 3174 illuc
1302 3104 1464 3175 infantule
1483 3107 1555 3175 mit·

518 3239 638 3304 tuntur,
655 3218 690 3284 &
707 3239 784 3283 curn
801 3213 910 3309 aliqua
928 3240 968 3284 ert
981 3216 1025 3284 eis
1040 3237 1170 3283 mortua
1184 3212 1289 3302 suerit,
1306 3212 1340 3282 in
1359 3212 1427 3307 ipsa
1440 3211 1557 3282 cellula

518 3321 678 3418 sepelitur,
696 3323 730 3390 ἃ
747 3319 809 3390 alia
826 3321 942 3392 cellula
958 3318 1121 3411 inciditur,
1138 3323 1173 3388 ἃ
1190 3320 1328 3388 mittitur
1343 3319 1378 3387 in
1403 3345 1478 3388 earn
1495 3318 1556 3388 alia

518 3427 688 3516 infantula,
706 3451 740 3497 ut
758 3453 911 3499 numerus
929 3430 996 3498 stet.
1021 3424 1155 3500 Habent
1177 3426 1267 3515 soris,
1295 3426 1352 3520 qui
1373 3427 1418 3496 eis
1435 3423 1556 3496 cibaria

520 3557 645 3630 parant.
660 3537 692 3604 ln
708 3559 809 3628 quem
823 3533 935 3606 locum
949 3560 1026 3605 curn
1041 3559 1167 3632 magno
1181 3535 1299 3603 timore
1312 3531 1440 3630 ingressi
1449 3534 1557 3602 sumus

520 3639 784 3732 adorationem,
808 3641 926 3712 nullius
947 3641 994 3712 ibi
1021 3641 1140 3711 faciem
1157 3638 1308 3711 vidimus.
1333 3643 1367 3710 ln
1388 3641 1462 3735 ipso
1479 3639 1555 3710 loco

520 3746 637 3818 dicitur
654 3742 720 3816 esse
733 3745 908 3838 sudarium,
923 3744 1015 3842 quod
1030 3747 1134 3818 suerat
1146 3745 1240 3841 supet
1254 3771 1353 3842 caput
1367 3747 1442 3817 lesu.
1456 3747 1557 3842 Super

521 3853 705 3942 Iordanem,
725 3878 793 3924 non
812 3854 952 3925 multum
973 3853 1074 3952 longe
1095 3879 1115 3922 a
1134 3850 1282 3945 Iordane,
1305 3850 1360 3923 ubi
1377 3851 1556 3949 baptizatus

521 3961 566 4031 est
582 3960 758 4051 DominuS,
777 3961 821 4030 est
837 3967 1043 4052 monesterium
1061 3965 1085 4029 S
1086 3965 1168 4030 endlr'
1183 3966 1329 4030 solennis
1351 3959 1448 4033 valde
1465 3985 1555 4056 mag·

522 4093 614 4158 num,
632 4068 666 4136 in
680 4091 748 4163 quo
762 4067 835 4137 sunt
852 4065 1063 4138 xenodochia
1076 4065 1154 4137 duo.
1175 4070 1208 4137 ln
1222 4067 1280 4138 ista
1297 4067 1350 4139 vel
1365 4069 1399 4137 in
1416 4065 1472 4136 illa
1489 4067 1557 4162 ripa

524 4170 668 4244 tordanis
685 4199 744 4270 per
759 4175 835 4245 loca
853 4171 1074 4246 submontana
1094 4174 1305 4245 inveniuntur
1323 4175 1499 4269 serpentes,
1517 4170 1556 4242 de

525 4278 642 4377 quibus
660 4280 802 4353 theriaca
819 4281 1001 4353 conficitur.
1023 4280 1101 4353 lnde
1117 4282 1267 4354 venimus
1283 4281 1436 4353 iericho!

559 4429 581 4464 a.
594 4415 624 4465 In
636 4413 694 4466 eliis
706 4413 754 4481 mffl
769 4415 801 4466 ad
814 4414 956 4468 Iordanem.
