3354 5706
432 563 483 616 ue
508 564 612 616 noers
637 563 801 618 sancus.
1063 568 1132 639 217

96 787 190 858 secus
217 785 490 858 ferramentorum
510 787 643 887 vestigia
670 787 769 884 usque
786 788 819 858 in
837 787 966 885 presens
983 785 1132 860 ostendit.

98 894 191 966 Nam
209 894 405 966 extrinsecus
427 895 527 990 usque
551 893 596 967 ad
620 895 769 968 culminis
791 895 1010 966 summitatem
1026 920 1133 967 totum

98 1027 270 1074 marmore
291 1006 414 1074 testum
433 1001 492 1093 ell3
510 1002 674 1072 summum
695 1027 775 1074 vero
788 1001 929 1093 culmen,
945 1027 1025 1074 auro
1039 1028 1134 1074 orna·

99 1133 183 1200 mnu,
210 1135 344 1181 auream
372 1109 475 1207 gestat
501 1131 633 1180 crucem
663 1133 831 1206 magnam.
866 1113 898 1179 ln
930 1107 1022 1180 huius
1052 1133 1133 1208 ergo

100 1218 314 1288 monumenti
331 1215 511 1312 aquilonali
527 1239 618 1314 parte
628 1218 801 1310 sepulcrum
816 1221 947 1286 Domini
966 1217 999 1287 in
1017 1215 1134 1288 eadem

100 1349 194 1421 petra
218 1324 373 1416 excisum,
392 1321 609 1422 longitudinis
626 1323 751 1421 septem
768 1321 903 1419 pedum,
925 1324 1021 1394 trium
1042 1348 1133 1394 men·

101 1431 172 1502 sura
205 1431 411 1528 palmorum‘
440 1431 633 1526 pavimento
663 1429 755 1501 altius
789 1430 929 1518 eminet,
964 1431 1133 1502 introitum

102 1536 229 1608 habens
246 1566 266 1609 a
281 1538 380 1608 latere
397 1535 600 1608 meridiano:
622 1535 677 1608 ubi
694 1536 748 1608 die
766 1540 933 1632 nosluque
955 1535 1132 1610 duodecim

101 1643 275 1742 lampades
297 1643 423 1733 ardent,
443 1667 583 1738 quatuor
603 1635 706 1714 infra⁶
725 1643 922 1738 sepulcrum,
939 1648 1017 1715 ouo
1041 1645 1132 1743 supra

103 1751 136 1820 in
151 1754 304 1850 margine
317 1749 441 1822 dextro.
456 1749 558 1848 lapis,
572 1751 629 1846 qui
641 1750 684 1821 ad
697 1751 815 1820 ostium
828 1751 1035 1822 monumenti
1049 1749 1133 1848 post-

105 1883 152 1929 tus
177 1883 259 1949 etat,
284 1883 372 1930 nunc
391 1853 499 1928 fissus‘
527 1857 582 1950 est,
608 1859 698 1929 cuius
719 1881 793 1954 pars
812 1858 922 1927 minor
939 1855 1134 1952 quadratum

105 1965 202 2036 altare
223 1989 300 2036 ante
320 1967 436 2036 ollium
451 1963 661 2036 nihilominus
678 1961 823 2035 eiusdem
840 1965 1048 2036 monumenti
1065 1965 1134 2055 stat,

106 2073 211 2142 maior
233 2097 312 2145 vero
335 2075 369 2144 in
390 2071 539 2143 orientali
558 2070 703 2142 eiusdem
726 2067 856 2141 ecclesie
877 2071 955 2140 loco
974 2071 1134 2166 quadran·

107 2179 220 2276 gulum
232 2177 322 2250 aliud
334 2179 432 2250 altare
450 2175 507 2250 sub
520 2173 763 2250 linteaminibus
781 2177 888 2248 erdlat.
901 2176 1008 2248 Color
1024 2203 1134 2252 autem

107 2283 252 2358 eiusdem
271 2287 478 2357 monumenti
501 2286 690 2384 &sepulcri
713 2282 791 2357 albo
809 2288 843 2356 ὅ(
861 2283 1045 2357 rubicundo
1062 2310 1134 2382 per·

108 2396 223 2466 mixtus
242 2392 379 2467 videtur.

152 2507 182 2572 Α
198 2498 314 2573 dextia
335 2523 446 2572 autem
465 2523 556 2596 parte
572 2498 648 2569 huic
666 2494 796 2570 ecclefie
814 2497 948 2568 coheret
961 2495 1055 2569 beate
1070 2503 1135 2570 Uei

110 2611 277 2680 Genitrt‘ct's
290 2611 409 2704 ecclefiu
428 2605 663 2705 quadrangula.
683 2609 718 2676 ln
730 2603 848 2702 platea,
867 2629 931 2700 que
944 2605 1134 2697 Martyrium

109 2715 334 2814 &Golgotha
351 2715 534 2808 continuat,
551 2712 668 2785 exedra
684 2711 739 2803 est,
757 2713 790 2782 in
809 2734 873 2805 qua
889 2709 973 2782 calix
986 2712 1134 2802 Domini,

112 2821 142 2892 in
161 2821 314 2894 scriniolo
330 2819 530 2911 reconditus,
547 2846 605 2917 per
618 2818 765 2916 operculi
782 2817 931 2888 foramen
952 2820 1044 2916 tangi
1056 2817 1137 2890 solet

112 2930 144 2999 ἃ
160 2927 308 3000 osculari.
323 2927 393 3023 Qui
404 2950 576 3026 argenteus
587 2925 679 3016 calix,
698 2921 777 2994 duas
786 2923 864 2994 hinc
877 2925 912 2993 ἃ
923 2922 1000 2994 inde
1013 2921 1136 2996 habens

110 3035 241 3128 ansulas,
259 3034 383 3125 sextarij
401 3031 532 3131 gallicis
547 3033 732 3104 mensuram
749 3032 855 3126 capit:
878 3031 913 3100 in
937 3055 1005 3126 quo
1022 3030 1067 3101 est
1083 3029 1137 3101 illa

110 3141 256 3241 spongia,
266 3141 435 3214 Dominici
447 3164 546 3239 potus
560 3137 709 3212 ministra
725 3141 760 3208 ln
772 3137 849 3207 loco
864 3162 973 3208 autem
985 3135 1054 3230 illu,
1067 3163 1135 3234 quo

112 3246 275 3321 Abraham
287 3249 387 3322 altare
396 3246 440 3320 ad
451 3246 696 3332 immolandum
705 3243 809 3316 lilium
822 3241 1008 3331 construxit,
1024 3245 1135 3316 mensa

113 3356 151 3425 esl
171 3357 282 3456 lignea
306 3382 377 3427 non
401 3381 512 3452 parva,
536 3355 569 3426 in
595 3379 696 3450 quam
720 3375 901 3449 pauperum
930 3349 1136 3443 eleemosyna

112 3463 210 3538 solent
232 3493 253 3538 a
274 3465 402 3563 populo
426 3463 575 3536 deferri!
597 3463 722 3535 lancea
745 3459 853 3532 militis
870 3459 986 3530 inserta
1003 3457 1137 3531 habetur

113 3571 252 3645 incruce
270 3572 379 3672 lignea
397 3573 430 3645 in
448 3573 578 3670 porticu
598 3568 752 3660 Martyrij,
771 3567 861 3638 cuius
878 3565 988 3638 haslile
1004 3569 1038 3637 in
1057 3565 1138 3639 duas

113 3679 292 3751 intercisum
309 3703 416 3776 partes
434 3705 454 3748 a
470 3701 540 3749 tota
557 3699 728 3749 veneratur
746 3673 883 3746 civitate.

156 3786 301 3886 Singula,
328 3813 392 3884 que
422 3784 499 3876 dixi,
527 3807 563 3856 ut
588 3779 784 3854 manifestius
810 3778 1013 3878 agnosceres,
1039 3781 1137 3850 etiam

114 3915 167 3987 pre
184 3891 287 3965 oculis
304 3889 483 3990 depingere
500 3885 653 3964 curaris

147 4183 168 4218 a.
188 4165 234 4232 W..
251 4167 322 4232 Mra,
340 4167 378 4218 de.
394 4163 541 4234 palmarum.
558 4191 592 4202 -
653 4161 715 4232 ligra
734 4192 765 4203 -
783 4161 800 4214 s.
817 4163 899 4230 supra
913 4169 970 4212 ante
985 4159 1081 4223 lancta,
1094 4161 1137 4212 Pa.

116 4245 139 4296 b.
153 4245 191 4299 AL
205 4246 279 4300 intra.
299 4275 332 4286 -
350 4263 371 4298 c.
392 4243 431 4298 AL
449 4242 539 4297 scissus
559 4273 592 4285 --
654 4238 1014 4311 habetfigurametrleſsotum.

118 4323 197 4381 dl'a.
222 4324 299 4379 calici.
325 4354 357 4364 -
380 4341 401 4376 e.
424 4325 462 4377 Pr.
484 4323 593 4376 mensam

1006 4433 1036 4486 28
