3390 5720
451 537 837 594 ιιιτιιιιιιιιειιιοτιι.
1112 521 1156 620 65

124 759 238 832 noster
254 756 334 829 lesus
348 757 494 830 Christus
508 782 584 827 cum
598 758 752 854 apostolis
766 757 925 830 fundavit.
941 759 1009 855 lpsa
1023 759 1084 830 fuit
1099 758 1160 829 do-

124 891 199 938 mus
214 865 317 936 sancii
329 865 430 934 Marci
443 863 649 962 Evangeliste.
664 865 844 954 Columna,
856 891 921 961 que
936 866 997 936 fuit
1007 866 1042 935 in
1055 864 1160 936 domo

124 973 273 1068 Caiphe,
290 972 335 1043 est
350 970 456 1043 modo
473 974 505 1042 in
525 972 634 1043 sancia
651 973 750 1065 Sion3
778 969 860 1042 iullu
883 972 1023 1042 Domini
1042 973 1112 1070 ipsa
1128 976 1162 1044 in

125 1081 276 1150 lanciam
287 1080 367 1150 Sion
380 1079 487 1150 secuta
500 1080 552 1150 est.
571 1081 662 1150 Dum
675 1105 754 1152 veto
767 1079 983 1178 flagellaretur
997 1080 1162 1151 Dominus

121 1187 372 1257 &columnam
389 1184 637 1284 amplexaretur,
660 1181 738 1257 licut
760 1187 795 1256 in
812 1211 885 1257 cera
907 1186 1001 1257 molli
1020 1184 1162 1277 brachia,

122 1319 243 1364 manus
260 1295 295 1364 &
313 1291 407 1390 digiti
424 1295 459 1363 in
472 1318 511 1364 ea
523 1291 684 1385 heserunt,
702 1295 736 1362 &
750 1291 857 1364 adhuc
871 1294 1004 1392 vestigia
1018 1291 1163 1391 exprella

121 1423 323 1498 comparent
338 1400 372 1470 in
390 1399 485 1490 facie,
503 1424 629 1490 mento,
649 1400 781 1472 naso&
806 1402 839 1472 in
860 1401 972 1473 oculis.
997 1401 1032 1472 Et
1055 1403 1099 1474 est
1118 1401 1162 1474 ibi

122 1508 156 1576 in
174 1504 290 1576 media
322 1501 451 1577 basilica
479 1530 605 1576 cotona
631 1506 754 1603 spinea,
780 1504 867 1578 unde
897 1530 1075 1579 coronatus
1104 1507 1164 1578 fuit

122 1615 293 1686 Dominus
310 1609 399 1708 apud
417 1609 544 1706 ludeos,
562 1616 597 1683 &
614 1611 699 1684 milit
716 1639 853 1684 manum
873 1615 968 1712 super
991 1639 1162 1686 coronam.

125 1718 201 1792 lnde
218 1721 312 1792 venis
330 1717 373 1790 ad
392 1719 574 1790 sacrarium
594 1719 628 1790 Et
646 1719 692 1792 ibi
709 1720 754 1792 est
769 1721 892 1792 lancea.
920 1721 955 1791 Et
968 1719 1014 1792 ibi
1026 1721 1070 1792 est
1081 1721 1164 1819 lapis

125 1827 188 1918 ille,
206 1825 299 1897 unde
321 1823 483 1921 lapidatus
507 1825 552 1897 est
579 1827 706 1898 sancius
731 1827 923 1946 Stephanus.
952 1826 996 1899 lbi
1022 1825 1165 1900 docebat

128 1934 296 2004 Dominus
312 1929 489 2027 discipulos
507 1931 581 2002 suos
583 1958 715 2028 ,quum
732 1936 862 2006 cenavit
879 1960 956 2005 cum
974 1937 1027 2006 eis
1263 1923 1269 1938 ’

175 2041 230 2111 De
243 2037 356 2110 sancta
367 2040 447 2110 Sion
461 2034 504 2108 ad
515 2041 633 2110 domum
645 2043 774 2135 Caiplte,
793 2065 857 2137 que
869 2041 914 2112 est
930 2039 1035 2113 modo
1046 2043 1145 2138 eccles
1135 2071 1165 2112 a
1184 2069 1246 2116 ιιιιι
1248 2068 1319 2116 osor
1322 2067 1372 2131 puae

120 2151 223 2242 sancii
243 2154 343 2235 Patri,
364 2147 436 2218 sunt
452 2146 525 2243 plus
544 2149 651 2220 minus
668 2145 777 2244 pallus
794 2148 973 2221 numerol.
1210 2133 1275 2178 ‘'⁸“
1237 2085 1358 2328 Quis·

173 2256 242 2327 Vll.
261 2257 314 2326 De
327 2251 433 2324 domo
445 2254 575 2351 Carphe
587 2255 688 2352 usque
702 2252 745 2326 ad
757 2261 924 2351 pretorium
939 2259 1040 2328 Pilati
1057 2255 1165 2353 pallus
1200 2281 1218 2328 Ρ
1220 2281 1309 2329 ιιιιιιῐιιι

129 2386 306 2433 numeroc
322 2357 367 2431 1b1
377 2361 422 2431 est
437 2363 536 2458 eccles
538 2391 556 2431 o
557 2366 664 2456 sanilo
674 2366 820 2457 Sopita
845 2367 934 2434 luxta
943 2363 1038 2434 earn⁶
1054 2362 1165 2435 millus
1209 2379 1305 2426 Ecdesr
1322 2379 1339 2426 t.

131 2471 175 2541 est
191 2471 321 2542 saueius
341 2468 513 2538 ieremias
505 2494 539 2538 m
555 2468 697 2540 lacum.
1226 2445 1256 2489 ⁵⁰
1242 2442 1324 2504 Μὴ

174 2577 255 2648 Vlll.
286 2577 411 2669 Piscina
424 2575 513 2644 Siloa
531 2573 648 2666 alacu,
664 2572 720 2646 ubi
737 2573 848 2647 millus
865 2578 909 2648 est
926 2577 1072 2649 ieremias
1089 2603 1166 2676 pto·

130 2681 237 2780 pheta,
254 2676 355 2752 habet
368 2677 477 2777 pallus
493 2705 633 2752 numero
651 2707 670 2752 c
671 2708 764 2780 ,que
781 2684 904 2780 piscina
919 2682 1025 2756 intrad
1039 2708 1167 2755 mumm

132 2791 182 2864 est
200 2787 349 2860 Adomo
359 2786 496 2858 Pilatius
492 2812 556 2882 que
565 2786 609 2859 ad
611 2793 763 2884 piscinam
766 2795 957 2886 probaticam
972 2791 1046 2888 plus
1060 2792 1167 2862 minus
1196 2807 1344 2918 Ριιὴιιιιιιιιι-

131 2895 237 2998 pallus
268 2919 409 2968 numero
440 2919 468 2964 c.
503 2891 549 2965 lbi
579 2896 745 2968 Dominus
776 2897 921 2969 Christus
950 2898 1168 2995 paralyticum
1227 2871 1306 2918 '⁸¹⁶²'

134 3005 265 3096 curavit,
296 3004 384 3074 cuius
411 2999 565 3101 grabatus
588 2999 695 3074 adhuc
719 3001 766 3076 ibi
791 3003 860 3075 stat.
892 3009 981 3077 luxta
1008 3005 1167 3102 piscinam

133 3109 351 3209 probaticam,
377 3105 432 3179 ubi
456 3108 489 3179 se
514 3106 670 3182 lavabant
692 3109 811 3183 infirmi
834 3115 868 3182 ἃ
891 3109 1098 3205 sanabantur,
1123 3113 1167 3184 est

133 3219 249 3313 eccltfia
268 3220 353 3286 beate
369 3222 515 3312 virginis.
1197 3229 1292 3277 hlefi*
1304 3227 1331 3272 Β·
1345 3227 1377 3272 V·

179 3325 230 3396 lX.
257 3323 295 3394 Er
306 3326 397 3396 venis
407 3322 450 3395 ad
463 3325 552 3396 illam
559 3332 685 3420 pinnam
701 3328 816 3422 templi,
829 3323 886 3397 ubi
894 3330 1031 3400 tentavit
1040 3328 1166 3400 satanas
1196 3341 1331 3403 Templum·

134 3433 319 3502 Dominum
336 3432 485 3502 nostrum
503 3433 606 3504 lesum
623 3433 801 3527 Christum,
818 3436 853 3504 &
869 3434 919 3524 est
930 3433 977 3506 ibi
989 3433 1117 3506 bafitica
1131 3437 1165 3507 in

134 3564 224 3611 cruce
238 3535 354 3636 pofita.
373 3542 463 3610 lurtta
473 3541 640 3611 civitatem
649 3541 805 3634 estlocus,
820 3544 876 3638 qui
889 3566 1025 3614 vocatur
1038 3542 1167 3614 sandius

135 3642 237 3738 iacob,
255 3645 336 3740 quia
348 3645 412 3716 illic
426 3642 540 3718 beatus
554 3644 702 3738 lacobus,
714 3647 884 3720 ordinatus
894 3646 935 3720 ab
950 3648 1021 3746 ipso
1036 3647 1166 3719 Christo

135 3751 447 3844 Hierosolymitanus
472 3752 658 3850 episcopus,
685 3755 760 3852 post
786 3752 1010 3826 alcenlionem
1029 3756 1168 3828 Domini

136 3859 283 3958 (excullo
300 3857 451 3957 cerebro)
479 3859 521 3931 de
547 3863 650 3958 pinna
666 3862 782 3959 templi
809 3863 1022 3959 precipitatus
1051 3863 1106 3954 est,
1133 3867 1168 3934 &

132 3967 252 4040 nihilei
271 3969 396 4058 nocuit,
415 3965 470 4040 sed
490 3967 570 4038 fullo
589 3994 666 4040 eum
684 3967 727 4040 de
750 3973 855 4062 vecie,
874 3994 974 4065 quem
996 3994 1167 4066 reportare

131 4075 351 4168 consueverat,
369 4073 501 4166 occidit,
520 4077 555 4146 &
571 4073 691 4173 positus
709 4076 804 4148 estin
822 4100 938 4148 monte
956 4075 1090 4150 Oliveti.

165 4275 185 4309 ι.
198 4259 317 4312 Τιιιιιιιιιι
332 4261 395 4312 Lov.
407 4259 424 4310 s.
435 4257 561 4311 lobannis.
576 4285 610 4296 -
675 4259 758 4310 lacum
780 4259 896 4311 columne
922 4259 965 4328 qui
985 4259 1020 4311 fui
1039 4259 1064 4310 in
1088 4257 1167 4310 domo

134 4337 157 4387 b.
179 4340 215 4404 L.,
235 4341 299 4393 Lov.
314 4357 328 4392 e
342 4338 431 4391 ticino.
442 4367 475 4378 -
490 4354 511 4390 c.
534 4337 608 4390 Tan·
677 4337 790 4407 Cayphe.
806 4367 838 4378 -
857 4337 882 4389 a
903 4339 972 4391 Forte
984 4337 1060 4390 infra.

136 4428 185 4469 tum
208 4420 234 4471 L.
251 4419 277 4472 in
292 4419 375 4472 lacum
395 4418 510 4484 leonum5
535 4417 562 4469 V.
582 4415 607 4468 in

1032 4569 1046 4618 9
