3390 5720
317 587 366 640 DE
392 587 495 638 LOCIS
521 585 813 640 TRANSMARINIS
837 585 972 638 SACRIS.
1096 585 1156 665 123

156 776 205 840 Et
229 778 270 840 ibi
295 775 372 838 fiunt
394 776 542 838 mirabilia
556 775 608 838 ubi
627 775 799 858 baptizatus
821 771 864 836 est
876 772 1031 839 Dominus
1050 777 1081 838 in
1099 778 1160 862 ipsa

113 867 225 930 nodie.
252 863 357 928 Estibi
374 865 509 927 tumulus
531 864 674 928 cancellis
688 865 904 943 circumdatus,
931 865 1006 928 &in
1021 867 1091 929 loco
1107 866 1158 928 ubi

112 956 275 1017 redundat
288 975 366 1037 aqua
381 955 411 1014 in
427 953 548 1015 alveum
563 953 648 1014 suum
660 951 755 1036 posita
770 953 813 1016 est
826 974 900 1016 crux
915 954 1014 1038 lignea
1030 955 1110 1016 intus
1125 955 1157 1018 in

113 1063 236 1126 aquam
261 1067 298 1106 ex
323 1061 448 1128 utraque
479 1060 561 1126 parte
593 1044 760 1105 marmoris.
788 1039 824 1104 In
854 1043 965 1124 vigiliis
996 1044 1159 1126 teophanie

113 1134 254 1214 grandes
267 1131 346 1195 fiunt
360 1132 473 1216 vigilie,
498 1130 630 1214 populus
648 1130 796 1210 infinitus,
812 1131 962 1215 &quarta
982 1148 1033 1194 aut
1051 1135 1159 1216 quinta

113 1222 185 1284 vice
200 1222 287 1305 gallo
302 1237 430 1283 canente
444 1220 521 1282 fiunt
535 1220 646 1303 vigilie.

156 1309 340 1393 Completis
359 1310 515 1372 matutinis
538 1311 636 1392 primo
658 1309 795 1372 diluculo
812 1309 964 1396 surgentes
986 1312 1157 1393 procedunt

114 1397 288 1461 ministeria
298 1398 349 1462 sub
361 1400 443 1462 divo.
459 1398 500 1462 Et
512 1399 632 1461 diaconi
646 1413 784 1461 tenentes
797 1397 993 1478 sacerdotem,
1003 1399 1158 1464 descendit

115 1487 259 1562 sacerdos
282 1489 313 1550 in
332 1488 471 1567 fluvium,
492 1487 609 1550 &hora
634 1509 694 1570 qua
708 1492 823 1570 ceperit
845 1490 1024 1552 benedicere
1039 1510 1160 1573 aquam,

116 1600 192 1640 mox
219 1575 359 1640 Iordanis
384 1599 456 1639 cum
478 1599 590 1660 magno
612 1578 713 1660 rugitu
737 1577 803 1662 post
827 1578 855 1642 se
869 1581 1037 1659 revertitur,
1059 1575 1159 1641 &stat

117 1689 200 1749 aqua
224 1665 359 1749 superior
377 1667 407 1728 in
423 1665 451 1730 se
467 1665 558 1749 usque
577 1667 652 1728 dum
666 1666 831 1750 baptismus
848 1667 1012 1750 perficitur,
1034 1667 1158 1730 inferior

116 1775 192 1817 vero
213 1757 294 1841 fugit
317 1759 347 1820 in
373 1778 465 1836 mare,
486 1758 607 1819 dicente
627 1754 792 1838 psalmista:
817 1755 908 1819 Mare
929 1758 1006 1820 vidit
1027 1756 1158 1838 &frigio

117 1841 262 1909 Iordanis
288 1847 447 1910 conversus
469 1844 512 1908 est
535 1845 704 1907 retrorsum.
731 1844 828 1907 Tunc
854 1867 961 1909 omnes
986 1846 1155 1909 Alexandri

117 1933 238 1996 habent
265 1934 307 1998 ibi
329 1934 393 1998 suas
415 1957 507 1998 naves
528 1955 600 1996 cunr
619 1933 796 1997 hominibus
817 1935 964 1997 habentes
985 1935 1158 2019 colaphos⁶
1183 1973 1189 1984 ·

119 2024 438 2107 plenosarmatibus&
447 2021 717 2088 balsamo.Ethora
732 2045 793 2106 qua
801 2023 1021 2089 benedixerunt
1030 2027 1158 2112 sontem,

119 2130 288 2196 antequam
317 2114 464 2196 incipiant
489 2113 661 2195 baptizare,
689 2111 822 2174 fundunt
847 2111 916 2174 illos
945 2113 1093 2196 colaphos
1122 2118 1153 2178 in

119 2199 251 2262 fluvium
266 2199 296 2262 δι
311 2200 424 2262 tollunt
438 2201 509 2262 inde
523 2220 632 2282 aquam
656 2198 848 2262 benedislam
872 2199 1027 2263 &exinde
1042 2202 1158 2267 faciunt

120 2310 233 2373 aquam
255 2285 430 2372 aspersionis
451 2291 481 2350 in
497 2287 555 2352 suis
569 2290 697 2352 navibus
712 2305 875 2371 antequam
891 2307 1001 2352 exeant
1015 2291 1052 2352 ad
1068 2295 1154 2355 navi-

120 2379 267 2461 gandum.
290 2377 445 2460 Baptismo
466 2379 634 2459 completo,
655 2377 841 2440 descendunt
856 2400 962 2442 omnes
978 2380 1009 2440 in
1024 2379 1153 2444 fluvium

121 2487 175 2548 pro
187 2467 405 2530 benedidlione
420 2468 518 2529 induti
534 2463 674 2530 sindones
689 2466 803 2530 &alias
817 2468 928 2530 multas
940 2467 1062 2549 species,
1078 2493 1152 2553 quas

121 2551 172 2617 srbi
188 2557 226 2618 ad
244 2554 428 2639 sepulturam
442 2555 566 2618 servant.
581 2555 640 2618 His
655 2554 794 2639 persediis
809 2557 952 2620 omnibus
964 2556 1063 2619 statim
1076 2579 1154 2640 aqua

122 2646 151 2706 in
167 2646 293 2728 proprio
307 2644 468 2706 revertitur
480 2643 578 2706 alveo.
591 2643 676 2706 Nam
692 2645 772 2705 unde
784 2641 875 2726 surgit
886 2641 1025 2706 Iordanis
1039 2667 1057 2707 a
1072 2667 1152 2708 mare

121 2732 319 2816 Tyberiadis,
333 2731 425 2815 usque
446 2734 482 2794 ad
505 2753 586 2794 mare
601 2733 780 2811 Salinarum,
795 2733 846 2795 ubi
863 2732 975 2811 deficit,
990 2732 1055 2795 sunt
1071 2732 1156 2794 milia

123 2843 210 2884 cxxx.

161 2907 197 2971 ln
212 2909 267 2972 illa
282 2929 353 2972 vero
367 2909 454 2992 rippa
467 2908 604 2972 Iordanis
620 2909 662 2971 est
676 2909 817 2992 spelunca
840 2912 870 2972 in
886 2933 946 2995 qua
965 2909 1031 2974 sunt
1045 2912 1155 2978 cellule

124 2997 236 3080 septem
259 3020 330 3060 cum
351 2997 465 3082 septem
487 2999 596 3081 puellis
618 3020 677 3081 que
694 2999 735 3061 ibi
755 2999 902 3062 infantule
917 3001 1087 3064 mittuntur.
1113 3001 1155 3066 Et

123 3108 192 3149 cum
205 3087 311 3170 aliqua
324 3109 361 3149 ex
376 3089 419 3151 eis
435 3104 554 3150 mortua
573 3089 673 3166 suerit,
695 3087 724 3150 in
740 3087 801 3170 ipsa
815 3088 926 3151 cellula
941 3088 1090 3172 sepelitur.
1113 3091 1155 3157 Et

125 3175 180 3239 alia
199 3177 312 3240 cellula
334 3179 487 3257 inciditur,
508 3177 538 3241 δι
556 3179 686 3242 mittitur
702 3178 743 3240 ibi
759 3177 817 3241 alia
829 3178 941 3261 puella,
962 3195 995 3241 ut
1008 3201 1153 3244 numerus

125 3263 185 3328 stet.
206 3265 249 3329 Et
269 3267 385 3330 habent
404 3268 476 3331 soris
497 3269 549 3351 qui
572 3269 615 3331 eis
636 3268 749 3330 cibaria
770 3286 917 3352 preparet.
944 3267 978 3330 ln
998 3291 1060 3352 quo
1082 3268 1153 3330 loco

126 3376 233 3438 magno
251 3378 324 3420 curn
339 3357 449 3420 timore
463 3356 579 3441 ingresli
595 3357 695 3421 sumus
709 3359 745 3419 ad
770 3357 949 3420 orationem.
971 3356 1097 3419 Nullius
1112 3355 1153 3417 ibi

126 3443 230 3508 faciem
251 3445 393 3508 vidimus.
414 3443 450 3506 ln
465 3444 529 3528 ipso
543 3445 614 3508 loco
637 3445 748 3508 dicitur
761 3443 820 3507 esse
834 3445 985 3508 sudarium
999 3449 1082 3529 quod
1099 3444 1156 3504 fuit

127 3533 209 3618 super
225 3550 319 3618 caput
340 3531 436 3596 lhesu.
457 3535 534 3598 Non
556 3534 687 3597 multum
709 3535 799 3618 longe
814 3556 832 3596 a
845 3533 974 3597 Iordane
989 3535 1040 3596 ubi
1056 3531 1155 3614 bapti-

126 3640 208 3686 zatus
232 3621 275 3687 est
291 3622 457 3701 Dominus,
482 3621 524 3684 est
545 3621 759 3686 monasterium
782 3622 883 3686 Sarrin
905 3620 1049 3686 Iohannis
1063 3624 1152 3686 valde

128 3733 279 3796 magnum,
292 3713 324 3774 in
338 3733 401 3794 quo
415 3711 481 3774 sunt
496 3709 672 3774 smodoehia
687 3712 759 3774 duo.

163 3797 198 3862 In
212 3799 267 3863 ista
281 3821 352 3864 vero
367 3801 415 3864 vel
432 3803 461 3862 in
477 3801 529 3864 illa
542 3800 629 3884 rippa
643 3797 780 3863 Iordanis
805 3821 858 3882 per
872 3800 940 3863 loca
955 3800 1154 3864 submontana

128 3887 319 3952 inveniuntur
345 3889 495 3973 serpentes
523 3891 561 3951 de
590 3889 701 3971 quibus
733 3887 895 3952 conficitur
923 3889 1043 3971 tyriaca.
1077 3887 1154 3953 Inde

128 3977 263 4042 venimus
277 3980 314 4042 ad
330 3975 501 4041 Iordanem.

166 4065 214 4130 De
228 4066 360 4131 Iordane
375 4067 467 4151 usque
483 4067 609 4130 Hierico
624 4066 691 4130 sunt
705 4066 834 4130 miliaria
847 4067 887 4152 vj.

166 4155 290 4220 Hierico
305 4173 406 4220 autem
421 4159 463 4220 ita
477 4157 596 4218 videtur
615 4157 646 4219 in
657 4157 755 4220 oculis
767 4157 928 4219 hominum
940 4173 974 4218 ut
985 4154 1152 4239 paradysus.

132 4243 158 4304 A
170 4260 243 4309 terre
254 4261 342 4310 motu
354 4247 431 4309 muri
444 4247 544 4309 diruti.
554 4244 679 4310 Domus
686 4244 774 4310 Raab
782 4243 838 4308 stat
846 4244 875 4310 δι
883 4243 1153 4309 estsrnodochium.

170 4433 191 4466 a.
206 4416 250 4468 Vel
263 4415 383 4469 calathos.
