3434 5704
651 549 757 651 (326)
1167 572 1213 652 37

180 791 304 852 cemodi
320 790 356 852 ad
372 788 479 854 Deum
494 811 616 874 precem
631 790 781 873 profudit.
807 817 820 850 r
836 789 903 870 Tu,
927 789 1075 869 Domine,
1090 791 1142 874 qui
1159 811 1213 874 per

182 903 195 937 r
208 878 412 962 Unigenitum
425 878 524 942 filium
535 895 623 942 tuum
638 878 797 942 salutarem
811 881 913 963 generi
929 881 1065 942 humano
1081 900 1135 962 per
1149 878 1214 962 pas-

181 966 324 1030 ‹sronem
339 969 437 1031 crucis
451 968 588 1032 conferre
603 969 744 1051 dignatus
768 990 809 1046 es,
833 968 863 1031 dr
884 990 967 1032 nunc
993 969 1023 1030 in
1049 969 1213 1032 novissimis

182 1081 195 1115 ‹
210 1057 401 1140 temporibus
409 1057 558 1141 adspirasti
570 1059 601 1120 in
609 1059 704 1122 corde
714 1058 833 1122 ancillae
841 1075 902 1122 tuae
913 1059 1085 1141 perquirere
1096 1057 1212 1142 lignum

181 1171 195 1204 ‹
210 1145 344 1225 beatum,
358 1147 388 1208 in
404 1169 467 1231 quo
482 1145 557 1210 salus
572 1147 674 1210 nostra
687 1149 844 1230 pependit,
866 1147 989 1210 ostende
1004 1146 1161 1209 evidenter
1175 1167 1213 1209 ex
1250 1177 1254 1183 ·

181 1235 258 1297 ‹his
272 1235 377 1315 tribus,
392 1257 461 1319 quae
474 1255 548 1298 crux
564 1237 654 1300 fuerit
668 1236 705 1299 ad
722 1235 923 1300 Dominicam
937 1235 1066 1318 gloriam
1080 1235 1128 1298 vel
1145 1256 1214 1318 quae

182 1346 195 1380 r
210 1322 344 1385 extiterit
357 1323 394 1385 ad
406 1323 511 1387 servile
523 1325 716 1407 supplicium,
731 1341 765 1387 ut
779 1326 844 1388 haec
856 1325 977 1404 mulier,
991 1346 1060 1408 quae
1070 1321 1214 1384 semiviva

182 1433 196 1472 r
210 1410 377 1490 decumbit,
391 1411 490 1475 statim
502 1429 536 1475 ut
546 1435 615 1476 earn
626 1414 743 1496 lignum
756 1413 881 1476 salutare
890 1414 1063 1497 contigerit,
1078 1409 1213 1472 amortis

181 1500 307 1562 «ianuis
323 1516 484 1582 revocetur
500 1503 536 1564 ad
552 1502 647 1564 vitam
665 1527 688 1564 ι.
704 1501 831 1565 Etcum
846 1504 912 1564 haec
927 1498 1054 1579 dixisset,
1075 1497 1214 1562 adhibuit
1289 1580 1294 1590 .

181 1588 281 1670 primo
296 1609 388 1650 unarn
403 1611 440 1651 ex
455 1591 562 1668 tribus,
576 1589 606 1653 br
620 1589 697 1652 nihil
711 1592 851 1673 profecit.
876 1589 1027 1653 Adhibuit
1041 1585 1215 1664 secundam,

181 1675 265 1739 &ne
278 1677 405 1760 quidem
423 1676 537 1760 aliquid
560 1679 663 1740 adium
685 1679 737 1742 est.
764 1679 809 1742 Ut
829 1699 903 1741 vero
924 1677 1063 1741 admovit
1086 1679 1215 1752 tertiam,

180 1763 306 1846 repente
330 1763 480 1845 adapertis
511 1765 609 1828 oculis
638 1765 747 1830 mulier
777 1767 977 1845 consurrexit,
1000 1765 1030 1828 δι
1054 1764 1214 1828 stabilitate

181 1850 294 1911 virium
310 1867 443 1934 recepta,
461 1853 590 1916 alacrior
612 1854 711 1917 multo
732 1875 825 1938 quarn
845 1874 916 1916 cum
938 1853 1006 1915 sana
1026 1854 1132 1930 fuerat,
1151 1864 1216 1913 tota

182 1937 278 1998 domo
298 1939 513 2003 discurrere&
533 1940 728 2025 magnificare
752 1941 813 2005 Dei
838 1944 1006 2024 potentiam
1028 1941 1132 2024 coepit
1156 1938 1215 2014 Sic,

181 2026 315 2089 evidenti
339 2028 463 2108 indicio,
482 2031 586 2114 regina
606 2033 669 2093 voti
682 2052 811 2115 compos
832 2029 951 2109 effedia,
966 2030 1116 2114 templum
1129 2028 1215 2089 miri-

180 2113 276 2176 ficum
298 2117 329 2178 in
344 2138 382 2178 eo
398 2117 479 2198 loco,
502 2119 532 2180 in
547 2141 610 2201 quo
626 2141 750 2182 crucem
766 2135 930 2203 repererat,
952 2119 1034 2202 regia
1047 2117 1215 2180 ambitione

181 2201 358 2267 construxit
380 2204 494 2270 Clavus
509 2230 645 2292 quoque,
660 2209 770 2293 quibus
785 2227 896 2290 corpus
912 2209 1103 2270 dominicum
1118 2206 1216 2268 strerat

183 2293 317 2370 affixum,
336 2311 439 2376 portat
452 2297 488 2358 ad
510 2293 618 2359 filiurn.
643 2296 691 2358 Ex
711 2297 822 2379 quibus
841 2295 893 2358 ille
913 2295 1013 2359 frenos
1035 2293 1216 2378 composuit,

183 2379 294 2464 quibus
315 2397 449 2445 uteretur
470 2385 506 2446 ad
530 2383 655 2464 bellum,
679 2384 708 2448 δι
730 2407 767 2447 ex
789 2383 855 2446 aliis
876 2383 994 2468 galeam
1015 2382 1216 2446 nihilominus

184 2462 255 2526 belli
269 2466 369 2530 usibus
387 2485 489 2553 aptam
510 2470 604 2534 fertur
619 2471 751 2534 armasse.
776 2471 868 2554 Ligni
883 2493 957 2535 vero
979 2470 1068 2554 ipsius
1084 2468 1215 2532 salutaris

184 2567 302 2634 partem
323 2557 433 2621 detulit
452 2558 526 2638 filio,
548 2577 668 2642 partem
683 2582 755 2623 vero
775 2560 871 2624 thecis
894 2557 1044 2643 argenteis
1059 2557 1216 2620 conditam

183 2641 346 2724 dereliquit
367 2646 397 2708 in
417 2646 505 2724 loco;
526 2671 595 2733 quae
616 2650 709 2712 etiarn
730 2669 812 2711 nunc
833 2649 869 2710 ad
892 2647 1075 2710 memoriam
1089 2644 1218 2707 sollicita

182 2732 378 2797 veneratione
393 2733 535 2799 servatur.

225 2845 238 2877 ‹
253 2819 392 2904 Reliquit
405 2825 497 2887 etiarn
510 2827 571 2888 hoc
587 2825 735 2888 indicium
749 2823 878 2907 religiosi
893 2825 986 2888 animi
1003 2825 1107 2907 regina
1121 2843 1216 2884 vene-

183 2908 300 2972 rabilis:
320 2911 460 2993 virgines,
484 2935 559 2997 quas
578 2915 620 2976 ibi
635 2915 748 2998 reperit
769 2913 842 2977 Deo
865 2914 999 2992 sacratae,
1024 2908 1159 2975 invitasse
1179 2910 1215 2973 ad

184 2999 355 3078 prandium,
369 2999 399 3063 ἃ
411 3017 494 3063 tanta
504 3023 554 3066 eas
566 3003 731 3064 devotione
747 3000 861 3065 curasse
873 3002 995 3082 dicitur,
1009 3018 1043 3064 ut
1054 2999 1215 3084 indignum

183 3088 328 3167 crederet,
349 3086 370 3150 sr
392 3089 575 3152 famulorum
596 3107 755 3154 uterentur
777 3093 896 3170 officiis,
921 3090 969 3153 sed
992 3089 1053 3173 ipsa
1076 3089 1216 3152 manibus

183 3175 251 3254 suis,
271 3175 392 3240 samulae
414 3180 519 3241 habitu
539 3178 700 3258 succindit,
729 3180 835 3242 cibum
858 3195 1042 3263 apponeret,
1067 3177 1215 3261 poculum

184 3265 360 3348 porrigeret,
386 3287 497 3350 aquam
518 3269 658 3332 manibus
687 3269 871 3347 infunderet,
895 3267 1049 3350 &regina
1075 3264 1158 3328 orbis
1180 3284 1215 3326 ac

184 3368 279 3415 mater
298 3355 429 3440 imperij,
451 3356 633 3420 famularum
657 3356 770 3421 Christi
795 3357 824 3420 se
845 3357 1020 3420 famulatam
1044 3355 1215 3437 deputaret.

184 3440 227 3504 Et
237 3443 304 3505 haec
318 3445 443 3526 quidem
458 3445 629 3528 lerosolymis
643 3447 734 3530 gesta.
754 3471 766 3502 ι

237 3576 382 3728 )[]Ruiinur,
394 3579 451 3650 Hr'ss.
464 3579 553 3648 ecclrfi,
565 3581 581 3634 l.
596 3583 618 3648 1,
636 3599 656 3636 c.
673 3587 716 3647 7·8
735 3581 847 3650 (Migne,
869 3583 938 3632 Patr.
951 3581 1006 3645 lat,
1024 3581 1098 3646 XXI,
1117 3596 1138 3632 c.
1151 3596 1216 3646 475-

183 3675 234 3724 477
251 3699 257 3711 ·

226 3813 238 3846 ι
255 3787 344 3851 Tum
358 3785 506 3873 siquidem
520 3785 720 3875 Hierosolyma
738 3791 867 3852 horrens
889 3789 994 3867 ruinis,
1015 3785 1216 3871 frequentissi-

183 3875 241 3938 mis
255 3897 291 3958 ac
305 3875 603 3960 magnificentillimis
617 3877 749 3941 ecclesiis
764 3877 806 3940 est
825 3879 989 3953 adornata3
1002 3895 1137 3958 namque
1151 3873 1216 3936 He·

184 3963 263 4044 lena,
287 3980 383 4028 mater
409 3967 553 4051 principis
569 3966 647 4050 regis
673 3965 879 4044 Constantini,
893 3987 962 4047 quae
983 3961 1122 4047 Augusta
1144 3973 1225 4025 cum‘

183 4052 248 4118 filio
267 4055 483 4138 conregnabat,
498 4077 569 4119 cum
589 4056 814 4146 Hierosolymam
836 4053 999 4139 agnoscere
1019 4048 1217 4134 concupisset,

184 4159 303 4227 reperta
315 4143 359 4206 ibi
372 4145 455 4208 idola
468 4167 505 4208 ac
519 4145 634 4228 templa
655 4145 796 4229 protrivit
802 4173 811 4221 3
833 4165 906 4205 mox
923 4141 972 4205 usa
989 4143 1074 4225 regni
1091 4141 1216 4218 viribus,

185 4232 318 4297 basilicas
329 4234 359 4295 in
371 4233 442 4297 loco
454 4233 631 4298 Dominicae
642 4234 779 4317 pullionis
789 4232 819 4296 br
829 4230 1055 4295 resurrectionis
1066 4228 1097 4292 dr
1112 4228 1215 4292 ascen-

185 4319 275 4386 sionis
289 4321 454 4386 constituit.
468 4320 549 4386 Illud
565 4323 688 4402 mirum,
702 4322 784 4408 quod
800 4321 886 4384 locus
901 4320 963 4399 ille,
974 4320 1005 4382 in
1020 4339 1083 4402 quo
1099 4314 1216 4401 postre-
