3296 5700
360 1084 906 1186 commemoratorum

160 1353 249 1442 DE
275 1354 429 1446 CASIS
460 1359 551 1447 DEI
579 1358 681 1449 VEL
712 1361 1087 1458 MONASTERIIS

115 2150 128 2175 s
173 2133 203 2157 ‘⁸
220 2128 251 2156 ⁸
276 2130 297 2223 'gl
311 2138 324 2155 ⁴
337 2198 339 2203 ,
391 2125 448 2218 RE
455 2124 506 2190 VB
514 2129 789 2211 commemoraretis
805 2127 842 2193 de
851 2124 920 2193 illis
935 2131 1010 2220 cafis
1019 2127 1084 2192 Des
1099 2124 1147 2192 vel

130 2214 143 2239 ³
291 2256 347 2299 ν
389 2235 585 2319 monasteriis,
599 2232 737 2324 quesunt
754 2239 784 2302 t'n
797 2235 908 2326 sancia
924 2237 1048 2303 civitate
1064 2234 1147 2300 scru-
1159 2233 1288 2283 sensatam.

107 2414 111 2419 ‚
131 2368 150 2413 g
199 2366 243 2411 »⁷
261 2348 364 2445 “⁶1⁴
380 2336 482 2428 salem
500 2337 547 2404 vel
572 2341 603 2405 t'n
625 2343 752 2408 circuitu
776 2346 853 2429 eius,
871 2341 906 2409 &
926 2338 968 2411 de
985 2336 1147 2432 episcopis

107 2424 153 2543 (ἶ
251 2482 289 2531 ,11
308 2520 358 2557 «s
389 2446 424 2514 &
444 2442 647 2539 preshyteris,
670 2445 818 2517 diaconis
843 2450 879 2518 &
901 2445 1073 2518 monachis
1095 2443 1147 2517 vel

144 2611 179 2626 „.
197 2546 218 2623 ss
238 2532 311 2625 (ἶ
343 2564 365 2611 t
389 2555 509 2622 cunslo
527 2549 615 2622 clero
631 2578 692 2649 per
707 2553 762 2624 illa
778 2553 854 2626 loca
870 2555 979 2626 sanssa
1001 2553 1064 2624 Dei
1084 2552 1147 2622 ser·

96 2657 274 2730 vientibus
293 2660 344 2731 seu
359 2657 556 2729 monasteriis
574 2657 765 2753 puellarum.

150 2767 301 2836 Primum
317 2768 352 2836 in
370 2768 478 2834 Sunclo
501 2767 646 2859 Sepultro
665 2767 804 2837 Domini
816 2765 993 2862 presbyteri
1005 2769 1049 2859 ix,
1077 2765 1146 2838 dia·
1159 2787 1327 2849 ssepucmm.

98 2875 182 2944 coni
207 2875 276 2965 xiv,
299 2869 493 2944 subdiaconi
511 2878 554 2962 vj,
576 2871 682 2942 clerici
709 2877 862 2945 canonici
878 2875 966 2966 rutiij,
987 2873 1146 2966 custodes,

100 3005 188 3074 quos
199 2983 374 3075 frugelt'tes
391 3002 523 3069 vocant,
544 2979 610 3068 xiij,
629 2979 785 3050 monachi
800 2982 855 3073 xlj,
873 2983 930 3077 qui
949 3007 1026 3052 cum
1048 2982 1148 3052 cereis

99 3086 309 3158 antecedunt
327 3085 546 3184 patriarcham
557 3086 613 3176 xij,
630 3086 765 3158 ministri
783 3086 965 3183 patriarche
981 3088 1057 3177 xvij,
1074 3112 1147 3184 pre-

103 3191 204 3289 positi
221 3195 256 3285 ij,
281 3193 477 3289 computarij
495 3191 528 3282 ij,
552 3193 669 3282 notarij
689 3193 721 3284 ij,
739 3193 901 3285 custodes,
920 3196 977 3290 qui
996 3192 1145 3291 assidu[e]

103 3299 284 3394 prevident
295 3299 500 3397 sepulchrum
509 3299 659 3385 Domini,
668 3297 845 3394 presbyteri
858 3303 891 3392 ij,
900 3302 935 3371 in
944 3302 1058 3372 sancio
1068 3300 1146 3372 Cal·

104 3409 199 3476 vario
212 3413 235 3498 j,
245 3405 287 3478 ad
300 3407 436 3478 calicem
450 3406 588 3476 Domini
600 3407 634 3496 ij,
645 3403 689 3476 ad
703 3407 848 3479 sanciam
862 3433 994 3480 crucem
1006 3411 1041 3478 &
1053 3405 1146 3478 suda·

105 3514 190 3583 rium
208 3515 244 3604 ij,
266 3512 424 3585 diaconus
440 3517 463 3603 j,
489 3512 659 3605 syncellus,
684 3515 742 3609 qui
758 3512 817 3585 suh
833 3513 1016 3611 patriarcha
1033 3514 1146 3586 omnia

105 3622 255 3718 corrigit,
274 3626 297 3713 j,
323 3620 474 3710 cellerarii
496 3620 530 3711 ij,
557 3617 767 3690 thesaurarius
783 3627 806 3711 j,
835 3624 891 3716 qui
908 3621 1016 3692 fontes
1039 3621 1146 3690 custo·

107 3723 155 3796 dit
170 3732 193 3817 j,
219 3729 352 3825 portarii
378 3727 419 3800 ix.
446 3729 527 3798 Sunt
546 3727 581 3796 in
602 3727 730 3798 summa
751 3727 792 3818 cl,
816 3729 960 3824 exceptis
978 3727 1145 3824 hospitali·

108 3829 169 3904 bus
186 3835 234 3923 iij.

160 3945 193 4014 ln
218 3945 330 4012 Sunsla
350 3945 424 4012 Sion
448 3942 532 4011 inter
553 3936 759 4036 presbyteros
781 3945 817 4013 &
833 3942 968 4013 clericos
990 3942 1066 4031 xvij,
1089 3967 1218 4021 erc-stou.

110 4050 212 4146 ceptis
231 4050 305 4120 Deo
322 4049 450 4120 sacratis
466 4051 501 4118 &
512 4045 639 4119 inclusis
656 4049 686 4137 ij.
707 4053 741 4119 ln
753 4053 865 4120 sancio
880 4056 984 4140 Petro,
1000 4044 1054 4119 ubi
1071 4048 1139 4144 ipse

111 4156 271 4252 gloriosus
287 4154 441 4254 ploravit,
457 4158 541 4227 inter
553 4153 759 4252 presbyteros
772 4159 807 4227 &
822 4155 958 4228 clericos
972 4183 1002 4228 v.
1019 4160 1053 4228 ln
1066 4161 1142 4226 Pre·
1156 4181 1292 4232 Pretorium.

113 4287 189 4333 torto
207 4291 238 4337 v.
