3354 5706
443 548 494 600 DE
518 547 623 598 LOCIS
647 545 812 599 SANCTIS.

155 2515 222 2587 Sed
251 2518 286 2586 ἃ
306 2517 370 2586 boc
396 2518 495 2587 etiarn
517 2517 616 2588 sanni
637 2517 795 2588 relatione
815 2517 935 2588 Arcussi
959 2517 1143 2609 didicimus,

110 2623 203 2720 quod
224 2623 263 2694 in
285 2621 401 2694 eadem
430 2622 561 2694 ecclesia
582 2623 724 2696 rotunda
748 2623 791 2695 ad
813 2626 1006 2697 consuetum
1033 2627 1143 2697 sumen

111 2737 189 2802 ocio
208 2731 307 2826 supra
324 2756 581 2802 memoratarum
594 2736 695 2801 nosiu
708 2731 895 2802 intrinsecus
913 2733 1145 2830 refulgentium

109 2839 321 2908 lucernarum
358 2863 464 2932 prope
497 2836 747 2908 innumerabiles
780 2840 813 2908 in
848 2843 945 2909 nocie
967 2840 1144 2910 Dominice

110 2942 305 3015 ascensionis
330 2943 391 3013 alie
407 2942 504 3013 adiici
529 2944 655 3015 soleant
677 2944 859 3041 lampades,
891 2972 1029 3041 quarum
1057 2947 1144 3016 terri-

110 3049 164 3120 bili
190 3054 227 3122 &
255 3047 437 3120 admirabili
459 3051 694 3140 coruscatione,
719 3052 910 3147 pervincas
933 3051 1143 3122 fenestrarum

111 3157 221 3228 valvas
239 3153 445 3226 abundanter
466 3154 574 3246 effusa,
597 3183 694 3227 mons
714 3158 838 3228 Oliveu'
860 3183 929 3229 non
950 3157 1056 3227 solum
1073 3157 1143 3227 issu-

112 3263 239 3353 minari‚
262 3261 319 3332 sed
335 3263 435 3334 eriam
459 3261 572 3333 ardere
598 3288 685 3334 totus
710 3263 839 3334 videtur
864 3288 999 3358 totaque
1032 3265 1143 3336 civitas

112 3368 255 3440 illustrari
274 3371 431 3441 &vicina
450 3367 506 3440 sita
522 3369 626 3442 loca.a

171 3651 289 3723 XXIV.
308 3657 359 3720 De
368 3653 512 3747 sepulcro
530 3655 636 3744 Lazari
653 3653 684 3720 6⁴
702 3655 739 3720 de
758 3655 876 3752 eccsefia
892 3656 981 3746 super
998 3654 1078 3722 sssud
1118 3653 1125 3668 '

250 3761 413 3850 construsiu
432 3759 462 3828 Ε»
480 3761 517 3828 de
534 3767 711 3850 monasterio
728 3762 824 3829 eidem
842 3763 1008 3829 adherente.

162 3925 323 4016 neurius,
342 3926 526 3997 sauciorum
540 3928 633 4023 supra
647 3952 907 3998 memoratorum
921 3927 1144 4021 frequentator

48 4077 56 4093 ·
114 4033 276 4122 locorum,
303 4031 482 4129 quemdam
499 4033 653 4107 Bethanie
675 4035 867 4132 campulum
892 4059 1015 4130 magna
1040 4033 1141 4104 oliva-

116 4163 185 4208 rum
199 4135 277 4212 silva
294 4137 535 4210 circumdatum
552 4137 698 4231 visitavit,
716 4138 771 4211 ubi
788 4139 914 4238 grande
931 4141 1010 4211 inest
1027 4165 1141 4212 mona-

149 4291 219 4374 a.'B.,
231 4311 264 4360 G.
278 4325 356 4377 prope
369 4321 462 4363 tamen.
