3296 5700
302 563 590 618 aoumuomcou
606 567 631 617 s.
651 563 894 617 wammam.
1038 548 1109 642 267

64 785 189 874 altare,
205 786 241 855 &
258 780 347 854 aliud
364 782 463 854 altare
483 784 590 853 minus
609 783 733 854 fastum
749 785 805 872 est,
817 799 833 829 ¹
848 782 925 854 ideo
953 784 1046 882 quod
1067 787 1111 857 ilii

68 888 217 986 quando
237 891 354 964 voluat
373 889 419 962 ibi
439 891 525 960 intus
549 887 679 961 missam
702 889 864 962 celebrare
886 893 920 961 in
947 892 1110 990 spelunca,

67 995 231 1068 tollentes
251 996 330 1068 iilud
345 996 444 1068 altare
464 997 582 1084 minus,
612 1019 747 1092 portam
765 994 813 1067 ibi
828 996 914 1067 intus
928 997 1009 1068 iliud
1029 1022 1110 1070 tem-

68 1129 157 1202 pore
187 1103 323 1200 qaando
345 1100 474 1174 missam
493 1100 669 1189 celebrant,
695 1105 730 1173 &
752 1103 871 1174 iterum
899 1104 1010 1176 levant
1029 1105 1109 1176 illud

69 1210 174 1282 foras.
196 1211 249 1283 {ssa
261 1210 406 1299 ecclefia,
426 1208 482 1282 ubi
503 1211 668 1281 Dominus
684 1233 779 1280 natus
796 1210 851 1301 est,
871 1235 933 1306 que
949 1209 996 1284 ibi
1014 1213 1109 1310 supra

69 1319 144 1406 stat,
177 1318 274 1389 estin
292 1313 498 1388 similitudine
516 1317 618 1387 crucis
639 1314 791 1388 edificata
808 1315 950 1414 gloriosa
980 1317 1109 1392 domus.

149 1557 265 1630 ΧΧ111.
287 1555 417 1644 Theaua,
436 1558 524 1626 laura
541 1556 573 1625 ἃ
591 1561 797 1648 monasterium
810 1559 835 1624 S
835 1559 918 1625 am‘ii
934 1553 1046 1626 Sabe.⁶

120 1743 157 1812 Et
171 1741 220 1814 ibi
237 1767 377 1831 orantes,
399 1737 582 1840 pergebant
597 1737 686 1829 inde,
712 1743 747 1811 &
762 1764 924 1812 venerunt
943 1742 978 1811 in
999 1741 1111 1813 villam

74 1875 248 1947 magnam,
271 1873 336 1944 que
352 1872 489 1919 vocatur
512 1847 642 1934 Theaua,
668 1845 711 1916 ad
737 1845 830 1918 illum
852 1847 965 1917 locum
983 1846 1039 1919 ubi
1057 1851 1107 1919 in-

75 1958 183 2028 fantes
205 1952 380 2052 quondam
401 1952 498 2026 occisa
516 1953 641 2026 fuerant
661 1953 704 2026 ab
726 1952 871 2024 Herode.
895 1951 940 2025 lbi
956 1955 1002 2024 est
1022 1981 1111 2027 nunc

75 2060 221 2153 ecclefia,
237 2065 274 2134 ἀ
290 2060 337 2133 ibi
349 2062 517 2158 requiescit
528 2087 610 2132 unas
625 2059 666 2132 de
678 2061 856 2158 prophetis.
876 2061 910 2131 Et
927 2085 1005 2131 tunc
1019 2064 1109 2133 venit

76 2169 152 2241 inde
169 2171 206 2240 in
228 2171 338 2240 uallem
352 2174 511 2241 maranus
528 2167 573 2240 lbi
585 2168 632 2239 est
647 2167 879 2238 monasterium
892 2193 1063 2265 magnum,
1076 2173 1111 2241 &

76 2275 121 2347 ibi
133 2275 227 2347 sedet
239 2273 339 2348 abbas
356 2273 401 2347 ad
418 2273 673 2346 monasteriumd
686 2277 721 2345 &
734 2273 787 2344 ille
799 2274 962 2344 ianuarias
979 2273 1111 2347 ecclefie

78 2384 200 2480 aliique
218 2382 374 2454 monachi
395 2381 521 2472 multi,‘
537 2381 594 2477 qui
610 2379 656 2452 ibi
672 2381 745 2451 sunt
762 2383 796 2450 in
813 2379 884 2476 ipso
899 2383 1109 2473 monasterio,

77 2495 111 2560 &
128 2490 247 2563 sedent
265 2491 350 2560 circa
365 2487 486 2560 vallem
504 2489 539 2560 in
565 2491 636 2560 imo
668 2489 756 2584 rupis
774 2487 904 2558 montis.
935 2487 969 2558 Et
991 2487 1113 2560 habent

78 2598 121 2669 illi
133 2594 266 2669 excisas
276 2599 310 2667 in
323 2594 433 2666 saxosa
450 2621 532 2691 rupe
551 2596 672 2666 montis
690 2619 792 2690 parva
809 2593 1039 2689 receptacula!
1056 2594 1113 2669 ubi

78 2707 110 2774 &
130 2703 195 2775 ubi.
217 2703 269 2774 Ille
289 2727 385 2772 mons
398 2701 443 2774 est
460 2703 495 2773 in
514 2727 597 2799 gyro
611 2703 698 2772 circa
708 2699 838 2773 vallem.
858 2701 1110 2793 Etmaaasteriam

79 2812 121 2881 est
137 2809 328 2882 edificatum
345 2812 377 2880 in
390 2808 485 2900 valle,
502 2807 599 2880 &ibi
616 2809 786 2904 requiescit
802 2809 928 2880 sanstus
945 2806 1038 2880 Saba.

80 3049 194 3121 XXIV.
215 3048 389 3144 Ecclefiola,
403 3050 454 3117 ubi
467 3048 632 3143 Philippus
643 3051 803 3116 eunuchum
815 3049 990 3140 baptizavit,
1006 3048 1102 3140 Gaza,

181 3159 308 3252 samius
325 3156 503 3244 Matthias,
511 3157 638 3247 saaHus
654 3157 839 3240 Zacharias,
857 3153 1011 3222 Hebrum*

126 3340 203 3414 {nde
214 3363 377 3413 venerunt
388 3338 431 3411 ad
443 3339 566 3426 locum,
586 3343 638 3410 ubi
652 3340 818 3432 Philippus
836 3327 1002 3432 bapiipavit
1018 3367 1110 3410 eunu-

82 3455 173 3520 chum.
192 3447 229 3520 Et
243 3447 290 3521 ibi
303 3448 348 3520 est
365 3444 498 3519 ecclesia
513 3471 614 3543 parva
630 3445 665 3515 in
681 3443 766 3518 valle
782 3469 905 3541 magna
922 3445 1004 3515 inter
1018 3445 1110 3516 Beth·

83 3557 186 3627 lehem
197 3559 234 3626 &
247 3558 387 3628 Gazam.
406 3555 415 3599 ¹'
429 3553 464 3624 Et
480 3551 558 3624 inde
571 3550 663 3623 ibant
675 3547 719 3622 ad
737 3554 864 3646 Gazam,
885 3548 939 3620 ubi
957 3551 1002 3622 est
1019 3551 1109 3624 sanc-

84 3688 130 3733 tus
146 3664 250 3734 locus.
270 3663 305 3734 Et
326 3663 394 3733 illic
416 3683 546 3731 orantes
568 3656 661 3729 ibant
688 3656 731 3728 ad
747 3661 886 3752 samum
915 3660 1106 3730 matthiam.

87 3765 126 3839 lbi
144 3771 188 3840 est
204 3793 329 3867 magna
344 3768 451 3867 gloria
467 3764 647 3837 dominica.
665 3763 821 3859 Cumque
838 3764 926 3834 sacra
943 3761 1110 3836 miliarum

87 3877 239 3950 solemnia
255 3876 302 3949 ibi
323 3872 470 3948 fiaiffenti
485 3872 658 3964 celebrata,
679 3872 851 3970 episcopus
877 3871 985 3942 noster
1004 3871 1111 3945 Willi-

103 4111 125 4144 ι.
138 4097 165 4146 R.
180 4095 282 4148 uarius
296 4094 376 4148 minor
389 4095 468 4147 fabius
479 4095 520 4148 est.
529 4125 564 4134 —
627 4112 715 4164 parvas
728 4094 907 4165 receptacula.
926 4125 962 4133 -
973 4096 998 4146 h.
1016 4093 1112 4148 ‘situlas

88 4173 111 4224 b.
125 4173 217 4229 Titulus
231 4180 255 4229 d.
271 4175 384 4228 inR—
400 4192 424 4228 c.
444 4179 471 4228 R.
487 4175 563 4227 laura.
625 4174 690 4229 d.in
706 4179 743 4242 C„
759 4175 864 4229 P.-i.
881 4178 1034 4244 1191111-
1050 4175 1069 4242 j.
1086 4177 1113 4227 C.

88 4283 119 4292 -
131 4255 156 4308 d.
170 4258 197 4308 R.
211 4255 319 4309 ecclefia.
332 4285 368 4296 -
383 4273 404 4308 e.
415 4255 487 4308 multi
500 4257 525 4308 d.
538 4255 564 4309 ia
625 4257 734 4308 fueram.

93 4335 117 4386 C.
127 4334 190 4390 -f.
205 4337 236 4390 R.
249 4335 295 4390 illia
309 4335 425 4389 excisum.
438 4365 474 4374 -
494 4351 519 4406 g.
534 4337 563 4390 R.
