3390 5720
379 566 429 618 DE
446 567 550 619 Locts
567 567 768 628 ALIQUIBUS
785 567 952 622 SANCTIS.
1135 571 1177 652 53

143 786 343 856 orientalem
367 787 501 885 plagam
523 787 683 883 spedat‚⁶
707 787 811 860 innah
838 815 950 860 muros
974 815 1071 886 atque
1097 791 1181 863 radi·

145 888 240 962 cibus
258 891 351 963 collis
367 893 442 964 sons
457 893 546 966 Siloa
566 895 753 990 prorumpit
774 891 848 990 (qui
869 920 937 966 non
963 897 1101 993 semper,
1124 897 1180 970 sed
1208 912 1277 963 stroe.

143 1001 180 1069 in
200 1001 296 1070 certis
318 999 404 1070 horis
422 997 600 1095 diebusque
617 1023 750 1072 emanat
764 1025 824 1098 per
848 1025 939 1074 antra
958 1004 1097 1099 saxaque
1122 1003 1178 1076 de·
1292 1024 1295 1030 ·

143 1109 311 1201 currens),
349 1103 557 1178 alternanter
587 1132 748 1204 aquarum
774 1106 900 1180 accessu
938 1111 973 1182 in
1005 1110 1178 1183 meridiem

144 1212 227 1284 lluit.
247 1218 336 1302 lurrta
351 1239 480 1284 murum
494 1216 662 1288 Ierusalem
677 1215 729 1286 vel
746 1215 861 1312 templi
874 1213 915 1286 ab
929 1217 1054 1288 oriente
1066 1220 1176 1289 Geen·
1282 1204 1293 1213 ³

146 1347 218 1393 non
239 1322 391 1411 occurrit,
408 1323 501 1392 vallis
517 1327 669 1419 Iosophat,
695 1349 713 1393 a
733 1321 955 1418 septentrione
979 1324 1013 1394 in
1036 1325 1176 1396 austrum
1191 1343 1384 1408 uetuerenphee.

141 1432 304 1525 porrecta,
330 1452 389 1523 per
413 1451 515 1523 quarn
539 1453 675 1521 torrens,
696 1425 856 1524 siquando
873 1428 1057 1526 pluviarum
1075 1455 1175 1527 aquas

140 1538 269 1632 recipit,
291 1533 442 1606 decurrit.

194 1642 272 1713 Vlll.
310 1641 532 1715 Circumiedia
559 1641 847 1735 hierosolymitane
876 1640 963 1713 urbis
998 1644 1110 1741 aspera
1140 1649 1174 1717 ἃ

141 1748 320 1820 montuosa
332 1773 520 1841 cernuntur,
539 1775 602 1846 que
619 1751 719 1821 etiam
730 1775 857 1820 montem
874 1753 990 1822 Oliven'
1002 1751 1090 1822 mille
1109 1753 1174 1824 ase
1202 1773 1271 1822 Mene
1288 1773 1384 1821 ornet.

141 1854 318 1927 discretum
334 1853 475 1952 passibus
501 1858 535 1928 in
554 1858 716 1928 orientem
739 1857 935 1954 prospediat.
969 1860 1045 1929 Due
1067 1860 1101 1930 in
1131 1885 1173 1931 eo

140 1959 274 2034 ecclesie
301 1959 509 2034 celeberrime
536 1959 713 2034 habentur:
744 1988 810 2033 una
833 1963 867 2032 in
891 1958 1013 2033 eodem
1037 1963 1174 2036 fundata

139 2072 233 2162 loco,
251 2069 285 2140 in
302 2093 371 2164 quo
385 2069 551 2141 Dominus
565 2067 608 2140 ad
623 2067 801 2165 discipulos
813 2068 887 2139 suos
899 2065 1044 2140 habuisse
1058 2069 1175 2143 dicitur

142 2176 320 2270 sermones,
334 2179 433 2250 altera
442 2179 475 2248 in
485 2178 575 2270 loco,
589 2175 707 2272 dequo
718 2176 825 2246 celum
837 2173 1015 2247 ascendisse
1028 2177 1172 2252 traditur.

193 2283 244 2353 tx
270 2284 331 2355 Sex
347 2281 489 2356 millibus
507 2287 681 2354 Bethlehem
708 2280 749 2353 ab
773 2281 1003 2374 Hierosolyma
1027 2284 1061 2354 in
1078 2286 1172 2356 meri·
1202 2303 1346 2353 Bethlehem.

137 2389 241 2460 diano
257 2389 357 2460 latere
374 2387 505 2480 secedit,
522 2413 587 2485 que
604 2387 719 2458 humili
736 2392 880 2459 muro&
897 2387 1021 2484 absque
1032 2389 1171 2462 turribus

138 2495 361 2595 angustissimo
389 2495 495 2592 spatio
521 2492 759 2568 circumdaturt
786 2493 843 2566 ubi
862 2497 996 2593 presepe
1020 2498 1171 2592 Domini,

138 2625 336 2676 exornatum
364 2603 495 2699 insuper
521 2626 660 2700 argento
685 2626 785 2700 atque
807 2629 900 2693 aum,
928 2603 1067 2704 firlgenti
1091 2607 1173 2681 cella

135 2707 290 2781 ambitur.

187 2816 229 2888 X.
256 2822 372 2888 lerr'clro
387 2843 467 2890 vero
480 2815 520 2890 ab
534 2817 737 2890 Hierusalem
753 2818 788 2889 in
802 2817 928 2890 oriente
940 2819 1041 2894 estivo
1056 2817 1173 2894 decem
1202 2843 1297 2893 tenete.

138 2927 177 2994 δι
194 2925 274 2993 osio
295 2922 437 2997 millibus
454 2927 600 2998 excurrit.
620 2929 756 2998 lordnrr's
773 2949 908 3021 quoque
925 2924 968 2998 ab
980 2924 1098 2998 eadem
1111 2927 1173 2998 celi
1201 2945 1309 2994 torrente.

138 3057 233 3128 parte
250 3029 347 3103 ludee
364 3031 576 3129 pretenditur,
595 3055 713 3128 quarto
729 3034 763 3102 ἃ
777 3030 991 3128 quindecimo
1004 3031 1115 3130 lapide
1128 3030 1171 3103 ab

138 3137 205 3208 Elia
222 3137 406 3235 separatur:
441 3143 508 3236 qui,
534 3143 676 3238 primum
702 3165 792 3212 mare
817 3137 999 3212 Tiberiadis
1024 3139 1171 3212 insecans

138 3268 239 3340 atque
256 3271 296 3317 ex
312 3246 377 3317 hoc
395 3272 556 3345 mergens,
573 3245 670 3344 largis
688 3242 809 3317 deinde
826 3270 865 3316 ac
884 3244 1020 3342 placidis
1044 3243 1171 3318 liuenti·

137 3351 200 3424 bus
213 3354 305 3449 aquis
320 3353 354 3424 in
372 3381 454 3424 mare
467 3357 636 3426 attererem
651 3349 823 3426 conditur:
842 3353 935 3450 quod
949 3380 1039 3425 mare
1052 3353 1170 3424 Hiero·
1185 3370 1378 3420 MaeeMonuum.

138 3458 266 3550 solyma
283 3460 400 3557 viginti
425 3461 551 3531 circiter
578 3456 719 3530 millibus
747 3461 886 3558 respicit.
916 3460 1076 3554 (lordanis
1092 3457 1170 3530 ideo

139 3560 245 3634 dietus
262 3564 317 3656 est,
335 3564 428 3660 quod
445 3562 513 3637 duo
527 3565 638 3637 ¹fontes
657 3567 690 3635 in
709 3592 813 3636 unum
827 3564 1010 3660 confluunt,
1028 3591 1171 3663 quorum

137 3669 220 3740 alter
238 3667 355 3743 dicitur
371 3677 431 3764 lor,
450 3673 530 3744 alter
545 3675 622 3745 Dan
638 3671 848 3771 appellatur.)

185 3775 239 3849 Xl.
264 3782 399 3869 Hebron,
418 3781 530 3852 civitas
548 3779 718 3875 quondam
736 3781 922 3878 gigantum,
939 3780 1050 3879 lapide
1068 3783 1171 3853 serme
1199 3793 1302 3841 Hebron·

136 3903 232 3956 ml.
263 3882 305 3957 ab
338 3887 540 3958 Hierusalem
572 3883 637 3960 ads
661 3884 877 3958 meridianam
903 3887 1039 3986 plagam
1066 3886 1169 3960 distat.

135 3993 228 4063 Mare
246 3991 407 4091 Magnum
423 3994 584 4090 nusquam
602 3993 738 4066 vicinius
756 4017 858 4089 quam
876 3997 964 4066 iuxta
981 4002 1090 4093 ioppen
1109 4021 1170 4092 op·
1200 4007 1276 4070 ¹0rre·

137 4095 267 4194 pidum,
280 4098 372 4194 quod
390 4119 440 4170 xL
451 4097 495 4171 ab
509 4125 547 4171 ea
564 4102 597 4170 in
611 4100 764 4172 occasum
773 4101 909 4172 estivum
922 4099 1063 4173 millibus
1073 4100 1169 4175 abest.

172 4381 199 4415 a.
226 4363 277 4414 Mt
299 4365 421 4437 expeflan
446 4395 478 4406 -
513 4366 536 4419 b.
557 4368 618 4434 Mt,
724 4385 745 4420 c.
761 4367 1168 4444 Mialternante.-d.Sictgr,

136 4443 177 4498 ed.
197 4441 271 4496 intra.
684 4447 735 4502 Ms.
748 4446 819 4502 infra.
