3434 5704
514 519 563 622 48
978 523 1084 624 (32⁶)

516 763 554 826 de
569 763 651 828 istius
670 762 758 826 obitu
773 762 874 824 omnis
889 759 1024 841 ecclesia,
1048 761 1078 826 δι
1097 778 1160 825 erat
1179 764 1218 825 de
1238 761 1426 824 haeriuuone
1449 765 1549 828 crucia

516 851 694 916 Dominicae
715 851 835 915 infinita
849 851 976 915 tristitia.
997 847 1083 914 [nter
1097 867 1257 935 utramque
1271 849 1549 915 consternationem

515 937 628 1023 positus
643 942 690 1004 vir
703 940 764 1005 Dei
780 939 971 1018 Macharius,
984 939 1120 1002 eiusdem
1131 939 1263 1003 civitatis
1274 937 1407 1019 antistes,
1421 942 1548 1024 cupiens

514 1028 544 1093 δι
565 1027 739 1094 moestitiam
762 1027 868 1111 populi
891 1025 1171 1090 &sollicitudinem
1189 1028 1302 1110 reginae
1319 1027 1449 1110 auferre,
1472 1031 1547 1094 iuffit

515 1133 637 1200 portare
680 1118 829 1195 fabatum,
861 1118 891 1178 in
917 1138 979 1200 quo
1006 1114 1137 1179 Libania
1161 1115 1374 1180 decumbebat.
1403 1117 1548 1202 Cumque

514 1203 587 1268 illuc
602 1139 701 1269 fuisso
714 1227 828 1289 corpus
842 1205 1019 1283 adductum,
1033 1205 1179 1288 expandit
1193 1205 1354 1289 episcopus
1365 1205 1548 1273 Machan'us

513 1315 621 1358 manus
634 1294 699 1360 suas
713 1295 750 1358 ad
765 1293 880 1360 coelum
895 1294 925 1356 δι
940 1295 1030 1356 dixit:
1050 1318 1062 1352 e
1077 1292 1143 1373 Tu,
1165 1293 1363 1376 omnipotens
1381 1294 1482 1376 Deus,
1496 1301 1546 1382 qui

515 1404 596 1466 «per
610 1384 802 1466 unigenitum
816 1382 930 1445 Filium
945 1399 1033 1445 tuum
1057 1381 1183 1446 salutem
1207 1383 1311 1466 generi
1335 1383 1474 1448 humano
1495 1408 1547 1469 per

515 1497 528 1530 ι
543 1473 707 1556 passionem
721 1472 819 1534 crucis
835 1472 900 1536 eius
910 1472 1049 1534 conserte
1060 1473 1202 1555 dignatus
1213 1493 1256 1550 es,
1269 1471 1301 1535 δι
1310 1475 1439 1538 nuncin
1449 1474 1547 1538 novis-

514 1587 527 1618 «
542 1560 622 1626 simis
634 1561 825 1644 temporibus
837 1559 968 1644 aspirasti
979 1561 1012 1622 in
1024 1559 1117 1623 corde
1129 1559 1248 1623 ancillae
1259 1577 1321 1624 tuae
1335 1561 1465 1625 Helenae
1478 1585 1547 1645 per-

514 1677 527 1708 ‹
542 1649 666 1733 quirere
674 1649 792 1734 lignum
800 1648 934 1726 beatum,
945 1649 976 1710 in
986 1671 1048 1732 quo
1058 1647 1134 1712 salus
1143 1648 1246 1711 nostra
1252 1651 1410 1731 pependit,
1421 1649 1547 1714 ostende

513 1764 527 1797 ι
541 1759 624 1802 nunc
635 1737 793 1802 evidenter
803 1759 841 1800 ex
852 1737 899 1800 his
911 1737 1017 1816 tribus,
1028 1759 1098 1820 quae
1106 1759 1183 1800 crux
1195 1737 1285 1800 fuerit
1297 1737 1334 1800 ad
1346 1737 1546 1802 Dominicam

513 1826 681 1911 «gloriam,
704 1825 753 1888 vel
775 1847 844 1910 quae
858 1825 1013 1889 extiterint
1034 1825 1071 1887 ad
1087 1825 1192 1888 servile
1206 1825 1401 1908 supplicium,
1426 1845 1461 1890 ut
1480 1829 1546 1891 baee

513 1941 527 1974 ‹
542 1915 652 1978 mulier
666 1937 735 2000 quae
751 1914 895 1978 semiviva
907 1915 1074 1992 decumbit,
1088 1914 1188 1978 statim
1204 1930 1237 1978 ut
1249 1935 1319 1977 eam
1334 1915 1452 1998 lignum
1469 1916 1545 1980 salu-

513 2028 526 2061 ‹
542 2019 606 2066 tare
617 2003 790 2087 contigerit,
800 2023 818 2064 a
829 2002 936 2066 mortis
948 2004 1046 2066 imnis
1056 2019 1217 2066 revocetur
1229 2004 1265 2066 ad
1278 2003 1382 2066 vitam
1394 2029 1407 2061 r
1421 2002 1543 2066 Etcum

511 2092 572 2154 hoc
587 2090 713 2169 dixisset,
729 2091 868 2155 adhibuit
879 2091 979 2173 primo
991 2108 1083 2153 unam
1098 2115 1136 2155 ex
1151 2092 1258 2171 tribus,
1271 2091 1303 2155 dr
1315 2091 1393 2156 nihil
1404 2093 1545 2174 perfecit;

512 2181 650 2244 adhibuit
674 2179 846 2258 secrmdam,
871 2179 902 2241 dr
925 2201 983 2242 nec
1008 2175 1197 2263 sicquidem
1223 2180 1338 2264 aliquid
1365 2180 1468 2243 actum
1492 2177 1544 2242 est.

511 2268 558 2332 Ut
570 2289 643 2333 vero
658 2269 796 2331 admovit
811 2271 943 2346 tertiam,
963 2283 1089 2349 repente
1104 2270 1216 2351 apertis
1231 2269 1331 2332 oculis
1345 2269 1455 2332 mulier
1469 2290 1544 2331 con-

510 2356 647 2435 surrexit,
668 2357 698 2419 &
713 2355 872 2419 stabilitate
887 2355 998 2418 virium
1021 2373 1154 2439 recepta,
1175 2357 1304 2421 alacrior
1320 2357 1431 2437 multo,
1452 2379 1544 2442 quam

511 2467 583 2509 cum
595 2443 663 2508 sana
674 2446 781 2524 fuerat,
789 2460 860 2519 ‚tota
870 2445 965 2506 domo
977 2444 1143 2509 discurrere
1157 2445 1187 2508 δι
1202 2444 1400 2530 magnificare
1412 2446 1543 2510 Domini

510 2535 682 2617 potentiam
696 2533 800 2616 coepit.
829 2533 878 2595 Sic
893 2533 1027 2595 evidenti
1050 2534 1166 2597 indicio
1189 2536 1303 2618 regina,
1329 2537 1393 2598 voti
1416 2555 1544 2618 compos

510 2621 630 2701 effecta,
645 2621 795 2705 templum
809 2619 974 2683 mirificum
989 2623 1019 2683 in
1035 2643 1072 2684 eo
1087 2621 1169 2700 loco,
1193 2623 1224 2684 in
1240 2645 1303 2706 quo
1318 2645 1444 2686 crucem
1457 2645 1544 2706 repe-

510 2728 602 2790 rerat,
615 2712 698 2794 regia
708 2710 876 2772 ambitione
887 2707 1062 2774 construxit.
1075 2710 1190 2776 Clavos
1202 2734 1336 2795 quoque,
1351 2712 1464 2795 quibus
1476 2733 1544 2774 cor·

510 2822 566 2882 pus
582 2797 714 2872 Domini
740 2798 836 2861 fuerat
851 2799 985 2877 affixum,
1010 2815 1113 2881 portat
1127 2802 1163 2861 ad
1178 2797 1286 2879 silium,
1308 2822 1345 2863 ex
1366 2801 1479 2884 quibus
1494 2800 1544 2863 ille

510 2889 613 2952 frenos
642 2886 824 2970 composuit,
847 2886 958 2970 quibus
984 2902 1117 2951 uteretur
1141 2889 1177 2950 ad
1208 2887 1333 2968 bellum,
1360 2889 1390 2952 δι
1415 2911 1454 2952 ex
1479 2888 1544 2952 aliis

510 2976 629 3062 galeam
644 2974 844 3040 nibilominus
865 2973 937 3037 belli
954 2971 1054 3038 usibus
1070 2993 1170 3058 aptam
1186 2978 1281 3041 fertur
1294 2975 1428 3041 armasse.
1452 2977 1541 3062 Ligni

510 3087 585 3129 vero
609 3065 699 3148 ipsius
717 3064 850 3127 salutaris
865 3079 984 3146 partem
999 3064 1108 3128 detulit
1121 3063 1202 3142 filio;
1223 3083 1341 3150 partem
1357 3089 1432 3130 vero
1448 3067 1543 3129 thecis

509 3153 664 3237 argenteis
679 3153 836 3216 conditam
851 3151 1014 3235 dereliquit
1036 3153 1066 3215 in
1093 3151 1173 3231 loco,
1199 3177 1268 3238 quae
1289 3157 1381 3216 etiarn
1403 3176 1487 3216 nunc
1506 3155 1541 3216 ad

510 3242 692 3305 memoriam
709 3239 836 3303 sollicita
851 3241 1045 3305 veneratione
1060 3240 1249 3304 servantur.»

580 3350 748 3420 [Altmannua
763 3348 962 3416 Altivillarensu,
977 3349 1066 3416 Vitas.
1081 3350 1189 3416 Helene,
1201 3367 1225 3404 c.
1242 3353 1277 3418 11,
1288 3369 1313 3404 n.
1327 3357 1407 3406 26-28
1424 3355 1490 3419 (Ar.
1503 3353 1542 3404 SS.

509 3429 584 3498 8011,
598 3433 674 3500 Aug.
689 3431 737 3495 111,
751 3427 834 3500 580).]

549 3576 562 3609 ‹
580 3548 711 3634 Legistis
729 3563 830 3610 tamen
845 3549 929 3630 quod
944 3547 1045 3610 sancta
1060 3546 1180 3611 Helena
1198 3570 1323 3612 crucem
1340 3548 1540 3612 Dominicam

507 3661 562 3723 per
578 3637 713 3702 medium
729 3637 820 3698 secari
836 3635 918 3715 fecit,
933 3634 962 3698 δι
976 3657 1101 3699 crucem
1113 3637 1374 3723 Constantinopolim
1388 3639 1427 3701 ad
1443 3637 1540 3700 filium

509 3727 628 3807 detulit,
642 3721 828 3808 crucemque
843 3723 1045 3814 Hierosolymis
1059 3725 1192 3809 reliquit
1210 3751 1224 3784 r

579 3833 717 3904 [Anseliuq
737 3846 826 3886 cantor
847 3832 865 3885 s.
890 3833 1008 3903 Sepulcri,
1030 3835 1134 3904 Epistola
1151 3839 1189 3888 ad
1208 3834 1329 3903 ecrsefian
1347 3835 1539 3904 paratusne

510 3921 575 3967 1108
589 3915 704 3983 (Migne,
716 3915 784 3966 Patr.
799 3913 853 3980 lat,
867 3914 973 3980 ethl,
986 3931 1009 3966 c.
1027 3913 1117 3986 731).]

549 4062 561 4094 ‹
574 4031 671 4117 Igitur
682 4053 754 4095 cum
766 4054 820 4116 per
831 4053 976 4096 arcanum
988 4034 1121 4118 antiquae
1131 4033 1313 4098 Divinitatis
1323 4034 1539 4112 archisterium,

507 4122 728 4188 Constantinus
753 4123 919 4206 imperator
933 4121 1110 4186 Romanum
1126 4124 1282 4207 quondam
1298 4121 1418 4186 rexisset
1444 4125 1538 4206 impe-

507 4213 598 4291 rium,
621 4213 662 4274 ob
688 4210 758 4275 fidei
781 4210 881 4273 semen
903 4212 960 4274 hac
982 4211 1012 4274 δι
1034 4210 1103 4274 illac
1128 4213 1242 4296 ubique
1268 4211 1477 4296 spargendum,
1501 4211 1537 4273 de

507 4317 597 4388 gente
621 4301 651 4364 in
675 4317 810 4386 gentem,
833 4299 923 4364 &de
945 4320 1039 4383 regno
1062 4300 1194 4364 transivit
1217 4301 1248 4364 in
1267 4321 1394 4386 regnum
1411 4299 1538 4378 (Psabn,
