3354 5706
541 504 607 600 146
958 526 1156 579 Aucumus

535 769 637 817 tatem
666 747 752 816 intra
781 748 892 818 menia
921 746 1151 839 circumdatas,
1179 749 1260 818 mira
1290 743 1461 818 fabricatas
1490 769 1570 834 arte,

533 853 638 948 sepius
664 849 888 947 consrderalse,
912 879 976 948 que
999 855 1111 926 omnia
1133 880 1222 926 nunc
1243 881 1262 924 a
1284 852 1381 925 nobis
1404 854 1478 924 sunt
1498 880 1571 950 pre·

534 958 758 1050 termittenda,
794 986 829 1032 ut
862 962 987 1054 estimo,
1028 964 1171 1059 exceptis
1209 985 1325 1032 eorum
1364 958 1572 1032 edificiorum

533 1066 704 1158 strusluris,
726 1093 791 1163 que
812 1070 847 1139 in
871 1068 952 1140 locis
974 1070 1105 1160 sanetis,
1129 1070 1231 1140 crucis
1251 1067 1405 1140 videlicet
1421 1069 1457 1138 δε
1473 1068 1574 1138 resur-

533 1175 696 1266 reslionis,
719 1173 855 1246 mirifice
882 1173 1037 1247 fabricate
1063 1177 1149 1247 sunt:
1177 1173 1219 1247 de
1243 1174 1362 1271 quibus
1384 1173 1573 1270 diligentius

532 1283 806 1380 interrogavimus
825 1282 1005 1373 Arculsum,
1025 1285 1181 1381 precipue
1204 1281 1245 1354 de
1262 1282 1413 1380 sepulcro
1432 1282 1573 1352 Domini

532 1392 567 1460 ἃ
584 1385 716 1460 ecclesia
734 1389 828 1484 super
849 1389 928 1460 illud
947 1391 1142 1481 construsla,
1166 1391 1257 1462 cuius
1273 1389 1355 1460 mihi
1375 1389 1522 1460 sormam
1539 1390 1572 1458 in

532 1492 643 1567 tabula
660 1520 769 1567 cerata
785 1495 937 1568 Arculsus
954 1497 1022 1594 ipse
1038 1495 1195 1594 depinxit.

633 1766 666 1834 ll.
693 1767 743 1834 De
763 1767 883 1861 ecclefia
900 1768 1027 1836 rotunde
1036 1767 1176 1857 formule
1185 1768 1281 1859 super
1290 1767 1467 1860 sepulcrum

899 1876 1032 1942 Domini
1048 1875 1202 1962 edificata.

579 2047 657 2144 Qre
675 2048 787 2143 utique
809 2048 905 2120 valde
926 2053 1056 2144 grandis
1077 2053 1209 2146 ecclefia,
1233 2073 1303 2121 tota
1320 2049 1464 2147 lapidea,
1490 2051 1572 2120 mira

530 2151 732 2226 rotunditate
756 2181 796 2226 ex
820 2157 914 2226 omni
942 2180 1033 2252 parte
1048 2155 1212 2226 collocata
1229 2155 1285 2247 est,
1310 2154 1573 2228 afirndamentis

534 2262 567 2331 in
593 2259 693 2332 tribus
720 2263 920 2360 consurgens
950 2259 1137 2359 parietibus,
1164 2259 1282 2357 quibus
1308 2289 1413 2334 unum
1439 2263 1571 2335 culmen

532 2367 565 2438 in
595 2368 697 2439 altum
725 2369 898 2460 elevatur,⁶
931 2371 1015 2441 inter
1044 2395 1315 2465 unumquemque
1343 2371 1507 2468 parietem
1537 2373 1573 2440 &

530 2475 668 2546 alterurn
691 2475 793 2546 latum
816 2473 940 2548 habens
963 2477 1102 2574 spatium
1123 2477 1193 2568 vie,
1218 2478 1277 2547 tria
1300 2503 1436 2573 quoque
1458 2477 1571 2548 altaria

530 2583 603 2654 sunt
631 2584 664 2653 in
691 2581 791 2654 tribus
813 2583 894 2654 locis
925 2584 1053 2680 parietis
1085 2581 1202 2672 medijl
1230 2583 1354 2655 artifice
1382 2582 1571 2657 fabricatis!

530 2691 629 2760 Hanc
646 2689 823 2762 rotundam
841 2693 875 2761 ὃ(
893 2693 1057 2762 summam
1079 2691 1249 2764 ecclesiam
1266 2693 1363 2789 supra
1380 2715 1569 2763 memorata

531 2793 708 2868 habentem
721 2798 846 2890 altaria,
858 2824 960 2869 unum
979 2798 1022 2870 ad
1041 2797 1213 2872 meridiem
1227 2801 1412 2896 respiciens,
1430 2799 1570 2870 alterum

530 2903 572 2975 ad
594 2904 798 3000 aquilonem,
821 2907 952 2977 tertium
969 2907 1077 2979 versus
1102 2909 1267 2996 occasum,
1290 2904 1473 2978 duodecim
1490 2907 1570 2976 mire

530 3009 767 3110 magnitudinis
779 3011 908 3107 lapidee
922 3011 1099 3084 sustentant
1111 3014 1277 3084 columne.
1289 3013 1363 3083 Hec
1375 3008 1426 3082 bis
1439 3035 1569 3106 quater·
1669 3037 1670 3042 ¹

531 3119 619 3190 nales
638 3143 748 3215 portas
771 3116 880 3210 habet,
905 3117 970 3189 hoc
988 3119 1033 3188 est
1050 3133 1191 3215 quatu'or
1211 3121 1373 3210 introitus,
1392 3143 1451 3214 per
1469 3143 1568 3189 nese

530 3227 677 3324 regione,
706 3226 877 3296 interieslis
894 3227 1021 3296 viarum
1043 3226 1166 3322 spatiis,
1184 3223 1339 3297 stabilitos
1357 3226 1507 3321 parieteS,
1529 3249 1568 3296 ex

532 3329 647 3428 quibus
657 3357 799 3428 quatuor
808 3333 910 3404 exitus
918 3331 960 3403 ad
970 3333 1159 3405 vulturnum
1169 3328 1570 3428 speslant,qui&ceciass

530 3437 647 3510 dicitur
660 3464 787 3531 ventus,
800 3439 853 3530 alij
872 3465 950 3512 vero
965 3463 1107 3535 quatuor
1120 3437 1163 3510 ad
1176 3465 1291 3510 eurum
1309 3438 1494 3535 respiciunt.

643 3683 688 3751 lll.
715 3683 765 3750 De
782 3685 874 3776 r'pfius
879 3682 1019 3775 sepulcri
1026 3684 1135 3774 figura
1149 3679 1180 3748 θ
1197 3684 1262 3750 eius
1279 3680 1443 3774 negotioli.

579 3861 613 3930 ln
638 3854 750 3928 medio
772 3856 877 3952 spatio
903 3855 996 3926 huius
1017 3856 1177 3926 interioris
1197 3853 1339 3926 rotunde
1365 3851 1487 3924 domus
1512 3881 1565 3925 ro·

529 3962 670 4036 tundum
687 3965 767 4037 inest
778 3967 812 4036 in
827 3991 893 4036 una
905 3963 1090 4059 eademque
1106 3987 1199 4060 petra
1214 3962 1357 4034 excisum
1371 3961 1564 4059 tugurium,‘

563 4160 586 4194 a.
598 4144 704 4195 Tantum
712 4143 737 4194 L.
745 4140 844 4211 quibus.
897 4141 1016 4194 elevatur.
1078 4138 1113 4191 al.
1133 4139 1231 4206 calcias,
1249 4138 1356 4204 calceas,
1368 4138 1459 4204 hetia,
1472 4137 1558 4191 salunt

531 4251 563 4260 -
580 4223 604 4274 b.
619 4225 650 4274 G.
668 4221 761 4275 medio.
781 4251 815 4262 -
829 4222 926 4275 c.Forte
938 4219 1017 4273 nuri-
1081 4249 1113 4259 -
1134 4236 1155 4271 e.
1181 4217 1220 4273 Al.
1245 4218 1384 4288 tegurium,
1399 4217 1554 4282 teguriolum

529 4315 596 4356 cate.
618 4332 651 4342 -
672 4302 699 4356 d.
721 4303 758 4356 Sic
775 4301 887 4357 correxit
906 4299 1018 4367 Gretser,
