3448 5718
463 563 535 650 xxvj
867 577 1089 632 rnmrAmo.

452 788 659 879 fiasticosensn
680 790 886 873 intelligendum
908 794 961 879 effe
981 793 1106 873 videtur,
1121 793 1180 882 scd
1196 793 1259 856 inde
1279 795 1406 857 additum
1428 795 1495 876 quia

461 888 491 948 in
505 889 604 950 itinere
610 887 667 976 suo
680 889 771 951 multa
786 890 914 977 adversa
924 889 1201 975 perpeffiesfuerit.¹

503 984 700 1068 Peregrinatio
714 1009 783 1049 vero
800 988 872 1050 inter
886 1001 1003 1051 cateras
1021 987 1144 1074 inſsgnis,
1165 1013 1228 1071 qua
1243 990 1272 1052 in
1285 989 1341 1078 suo
1364 989 1496 1075 ampliori

461 1083 579 1145 circuitu
599 1108 617 1145 a
628 1083 728 1167 paucis
742 1085 902 1168 exploratas
914 1099 1010 1150 terras
1023 1087 1207 1170 amplectitur.
1229 1083 1379 1152 Antoninus
1397 1091 1494 1173 quippe

460 1203 513 1242 non
529 1181 640 1264 Syriam
658 1196 766 1245 tantum
780 1185 813 1246 δ’
830 1183 1084 1273 Palefinam,sed
1093 1187 1127 1248 δ’
1140 1201 1255 1248 mmtem
1274 1185 1353 1250 Sinai
1369 1211 1403 1250 ac
1421 1187 1494 1251 Me·

451 1277 640 1366 sopotamiam
648 1280 845 1364 perlustravit.
860 1281 962 1364 Quum
972 1283 1062 1345 multa
1076 1298 1167 1346 autem
1181 1307 1233 1345 non
1249 1283 1383 1348 immerito
1395 1286 1425 1348 in
1439 1287 1495 1350 eins

461 1376 594 1439 relatione
614 1378 740 1461 reperire
746 1377 872 1466 sperare
893 1379 968 1442 nobis
988 1379 1090 1441 licitum
1102 1379 1218 1464 sniffet,
1229 1393 1326 1464 pauco
1344 1396 1435 1446 tamen
1448 1383 1495 1446 ille

459 1472 567 1535 libellus
593 1475 668 1537 nobis
683 1475 890 1562 suppeditavit.
911 1475 1037 1541 Attamen
1052 1477 1114 1556 illa,
1135 1476 1183 1557 etst
1201 1479 1316 1541 nimium
1336 1503 1413 1543 raro
1431 1479 1494 1560 fint,

419 1613 424 1626 .
459 1593 523 1652 qua
528 1571 653 1657 frustra
668 1573 741 1635 alias
754 1575 920 1656 requireres,
934 1576 1008 1637 nobis
1015 1576 1093 1664 satis
1108 1576 1232 1666 pretiosa
1247 1577 1426 1641 videbuntur.

498 1669 583 1730 Anno
597 1669 718 1752 equidem
736 1669 811 1752 1863
826 1671 963 1732 Antonini
981 1672 1068 1755 operis
1089 1672 1227 1734 editionem
1245 1673 1309 1735 dedi
1327 1697 1441 1755 novam,
1456 1677 1497 1739 ad

458 1788 544 1846 quum
557 1765 666 1854 scilicet
683 1766 851 1828 condendam
870 1768 959 1829 trihus
972 1768 1170 1854 manuscriptis
1189 1769 1321 1833 codicibus
1335 1771 1401 1860 usus
1404 1773 1493 1860 sum:

457 1865 486 1925 in
498 1863 633 1952 prasenti
644 1865 817 1928 accuratiori
834 1865 945 1927 editione
960 1855 1059 1946 aliqua
1073 1865 1101 1926 in
1120 1866 1216 1928 melius
1234 1881 1346 1931 mutata
1360 1869 1492 1952 invenies,

459 1975 679 2043 quaetamennm
687 1961 1492 2053 manimisuntmomenti,etstpluresmanuscriptoseodices,

460 2057 680 2146 Bruxellensem,
699 2057 911 2147 Monacensem,
936 2058 1133 2151 Pariſsmsem,
1155 2061 1367 2152 Londinensem,
1385 2063 1492 2126 Catui-

456 2156 564 2245 nensem
580 2157 613 2216 id
627 2154 841 2244 Berolinmsem,
858 2157 887 2218 in
902 2158 1031 2222 manibus
1041 2157 1198 2222 habuerim.
1213 2159 1378 2248 Pariſsmsts
1389 2162 1491 2224 Anto-

456 2254 546 2316 ninus
571 2253 714 2334 reincipit:
739 2253 817 2316 «De
831 2252 907 2317 locis
922 2254 1040 2335 sannis,
1055 2279 1132 2340 quos
1147 2259 1370 2340 perambulavit
1384 2259 1490 2324 beatus

458 2351 659 2415 «Antoninus
674 2347 834 2432 Martyr,›
850 2351 879 2413 in
893 2373 944 2432 quo
958 2354 1066 2434 quidem
1080 2355 1166 2418 codice
1179 2356 1351 2419 Antoninum
1365 2356 1491 2418 emtinno

447 2451 580 2537 sequitur
597 2448 681 2511 Beda
697 2447 813 2511 libellus.
833 2447 1011 2532 Londinenss
1029 2465 1139 2515 eutem:
1160 2479 1172 2512 ι
1187 2454 1338 2517 Antonini
1363 2449 1491 2516 Placen-

458 2548 550 2626 ‹tini,
572 2543 731 2628 Martyris,
752 2544 1040 2632 five·cuiuscunque
1064 2545 1108 2628 fit,
1133 2547 1327 2614 itinerarium
1352 2551 1390 2612 de
1414 2549 1490 2612 locis
1539 2595 1542 2602 1

457 2670 470 2702 ‹
487 2643 591 2706 Terre
605 2643 724 2707 Sancte.
739 2667 750 2699 ι
771 2641 893 2724 Uterque
903 2645 993 2723 codex,
1004 2667 1088 2727 quum
1094 2649 1155 2732 post
1163 2646 1339 2729 publicatam
1353 2647 1491 2710 editionem

454 2764 544 2805 meam
569 2742 597 2803 in
625 2763 725 2803 monus
752 2743 870 2818 uenerit,
891 2755 988 2824 pauco
1016 2742 1097 2805 utilia
1119 2745 1255 2826 prabuit,
1282 2744 1360 2807 cuius
1386 2743 1492 2807 varias

489 2949 518 3000 P.
535 2945 589 3010 88',
608 2945 623 2996 Ι.
640 2963 663 3010 ι,
676 2945 791 3013 sarapta,
815 2942 892 2996 Suria.
908 2972 942 2983 -

452 3027 468 3080 Ι.
482 3047 506 3093 4,
523 3026 574 3097 ipsu
590 3025 623 3077 eii
635 3033 706 3076 metr.
723 3052 759 3062 -
773 3020 790 3074 Ι.
804 3027 830 3086 6,
842 3021 943 3076 suscita-

453 3107 497 3173 vit,
512 3105 634 3177 prophete
645 3106 670 3156 d.
691 3131 723 3142 -·
745 3101 763 3154 Ι.
781 3120 806 3168 7,
817 3101 942 3167 mulieres,

452 3183 638 3240 tantummodo.
661 3211 697 3222 -
724 3181 741 3234 Ι.
777 3187 801 3246 8,
833 3181 941 3234 secunda

453 3276 542 3319 morte.
576 3292 606 3304 -
635 3261 650 3313 Ι.
679 3279 720 3327 ιο,
743 3259 819 3314 necti
844 3260 942 3326 Lazari,

454 3343 546 3413 pascha
556 3343 694 3396 dominico.
719 3371 745 3382 -
770 3341 788 3395 Ι.
806 3360 845 3406 ιι,
860 3358 941 3412 popu-

452 3423 489 3476 los
510 3434 644 3477 convenet.
669 3453 706 3463 -
725 3421 741 3474 Ι.
762 3440 802 3492 12,
824 3421 939 3474 civitates

450 3504 504 3572 xiij.
523 3505 587 3556 -1,
608 3522 649 3569 14,
667 3501 805 3568 Fiiudeifin,
824 3503 938 3556 Gerena.

452 3611 485 3623 -
499 3583 515 3636 Ι.
530 3603 571 3652 ις,
584 3582 739 3636 Aritoiinda.
750 3611 784 3622 -
797 3581 813 3634 Ι.
824 3584 864 3647 ι6,
877 3580 940 3633 dici·

453 3674 495 3716 tur
506 3666 542 3728 d,
556 3662 661 3718 Charite.
675 3693 711 3702 -
722 3662 740 3714 1.
757 3679 798 3725 ιγ,
815 3661 893 3714 Suria„
907 3689 940 3700 —

451 3742 466 3795 Ι.
476 3748 517 3808 18,
528 3743 735 3812 queArrnenius.
746 3740 806 3792 -i.
820 3757 860 3807 19,
868 3739 941 3806 Asu,

451 3820 497 3875 ibi.
508 3853 543 3862 —
556 3823 572 3874 Ι.
587 3841 630 3886 20,
644 3819 750 3886 catoius,
766 3818 895 3873 Viricanis.
905 3849 940 3858 -

450 3900 468 3954 Ι,
485 3921 527 3967 ιι,
540 3902 665 3954 stefanus.
680 3930 713 3940 -
728 3900 742 3951 Ι.
760 3918 803 3966 nn,
814 3899 892 3953 latini.
906 3928 940 3939 -

451 3983 466 4034 Ι.
482 4000 524 4049 23,
542 3979 674 4050 discipulus
692 3977 788 4032 domui.
807 4009 842 4018 -
861 3979 878 4032 Ι.
898 3997 940 4043 24,

452 4061 511 4114 Sine
529 4060 593 4114 infra
612 4059 747 4114 civitatem.
770 4088 801 4098 -
825 4058 840 4111 Ι.
858 4076 900 4125 ις,
914 4055 940 4108 Ιιι

451 4141 586 4206 Heiuzuth,
606 4141 639 4193 de
668 4137 757 4192 Elucttt
785 4137 882 4191 similas.
906 4165 940 4175 -

450 4219 467 4273 Ι.
480 4238 523 4285 27,
535 4217 714 4288 componentia
722 4215 811 4270 tenire.
822 4245 859 4255 -
870 4213 886 4266 Ι.
896 4217 940 4278 nt,

450 4299 561 4352 heremo.
582 4325 615 4337 -
639 4297 656 4350 Ι.
673 4314 716 4363 29,
736 4293 886 4366 propotitus.
906 4321 940 4332 -

451 4380 468 4430 Ι.
482 4396 524 4445 30,
537 4377 686 4448 propositus,
704 4374 898 4446 imperatoribus
911 4375 937 4426 d.

1004 2973 1038 2983 —
1052 2945 1066 2996 Ι.
1084 2963 1124 3011 31,
1139 2945 1267 3017 decapite
1284 2963 1370 2998 eorum
1393 2946 1491 2999 conser-

1004 3026 1091 3089 vabat,
1101 3025 1184 3094 ipset.
1200 3025 1340 3094 castigabat
1352 3027 1380 3078 d.

1040 3104 1068 3157 Ρ.
1080 3103 1147 3169 38“,
1160 3105 1175 3157 Ι.
1186 3123 1208 3170 ι,
1216 3103 1490 3171 domna,Bethiem.-

1002 3185 1018 3237 Ι.
1032 3203 1057 3250 n,
1070 3184 1137 3237 sedet
1151 3185 1231 3254 supet.
1255 3213 1288 3224 -
1305 3183 1321 3236 Ι.
1336 3203 1363 3250 4,
1378 3195 1406 3236 ut
1417 3183 1489 3247 dum,

1004 3276 1085 3332 porta,
1097 3264 1198 3317 stefani.
1211 3295 1242 3305 -
1251 3264 1266 3316 Ι.
1279 3282 1304 3331 5,
1316 3281 1387 3316 unus.
1399 3292 1430 3302 -
1441 3262 1456 3314 Ι.
1466 3267 1492 3327 6,

1002 3343 1076 3412 iogus
1091 3345 1193 3396 bovum.
1214 3373 1244 3382 -
1266 3342 1281 3394 Ι.
1299 3361 1323 3408 7,
1336 3358 1439 3395 movere
1452 3344 1492 3408 d,

1002 3423 1113 3477 inantea
1126 3423 1247 3488 accidere,
1259 3434 1385 3486 revocata,
1395 3421 1488 3475 uitu'ris.

1002 3535 1037 3543 -
1056 3503 1073 3556 Ι.
1091 3521 1116 3570 9,
1135 3503 1260 3556 Orbicius.
1282 3533 1317 3541 -
1337 3501 1352 3554 Ι.
1372 3519 1413 3566 ιι,
1430 3517 1487 3553 eum

1002 3582 1136 3652 sepulchris
1148 3582 1224 3636 foras.
1240 3610 1272 3620 -
1287 3581 1301 3633 Ι.
1322 3597 1362 3645 13,
1378 3593 1487 3650 propter.

1003 3665 1099 3716 Cetera
1117 3661 1211 3729 destant,
1232 3677 1278 3714 uno
1286 3659 1351 3729 folio
1366 3658 1392 3712 in
1409 3657 1489 3714 codice

1000 3742 1092 3795 abian.

1040 3839 1049 3873 ι
1078 3819 1225 3881 Quinetiam
1254 3834 1396 3888 cognomen
1428 3817 1487 3870 iliud

1001 3897 1124 3954 accessiffe
1143 3899 1223 3968 potest
1244 3896 1377 3967 peregrino
1395 3897 1487 3962 nostro,

1004 3993 1106 4051 propter
1119 3977 1255 4048 quemdum
1268 3977 1406 4030 scribarum
1419 3993 1487 4029 erro·

1002 4078 1065 4125 rem,
1081 4061 1126 4130 qui
1138 4059 1218 4128 ipsum
1236 4057 1353 4109 eumdem
1371 4073 1402 4109 ac
1421 4073 1487 4109 mar-

1002 4152 1083 4212 tyrem
1096 4139 1267 4203 Antoninum,
1278 4135 1348 4190 cuius
1362 4135 1484 4189 memoria

1002 4217 1140 4273 Pincentiee
1173 4218 1272 4286 colitur,
1308 4213 1357 4269 effe
1390 4212 1486 4284 opinati

1002 4298 1102 4352 fuerint.
