3390 5720
270 2287 434 2350 Hierosolyma.

479 546 525 626 32
829 541 995 596 SANCTAE
1012 541 1153 595 PAULAE

478 766 632 863 cognitus
649 762 815 853 dominus,
839 761 993 858 Cleopbe
1018 759 1159 831 domum
1175 760 1210 828 in
1231 755 1398 829 ecclesiam
1416 757 1505 830 dedi·

477 896 572 944 cavit.

525 981 580 1050 Vl.
606 980 716 1073 Atque
740 975 817 1047 inde
844 974 1051 1072 proficiscens
1079 975 1224 1047 ascendit
1253 979 1403 1046 bethoron
1427 975 1505 1046 infe·

479 1090 598 1159 riorem
620 1087 655 1154 ἅ
680 1083 890 1179 superiorem,
917 1081 1010 1154 urbes
1034 1083 1248 1155 aSalomone
1265 1079 1426 1174 conditas,
1453 1081 1507 1154 sed

480 1195 568 1268 varia
592 1193 706 1291 postea
731 1189 892 1263 bellorum
918 1189 1108 1287 tempestate
1133 1189 1265 1280 deletas,
1292 1186 1334 1259 ad
1360 1187 1508 1260 dextram

480 1300 637 1397 aspiciens
651 1298 771 1369 olialon
789 1300 823 1366 &
843 1300 979 1384 Gabaon,
999 1294 1054 1368 ubi
1072 1296 1162 1388 lesus,
1176 1294 1258 1366 filius
1269 1297 1381 1388 Nave,
1394 1321 1509 1370 contra

481 1405 626 1501 quinque
645 1431 738 1504 reges
756 1401 926 1494 dimicans,
944 1402 1003 1474 soli
1020 1403 1194 1499 imperavit
1216 1405 1251 1472 ἅ
1276 1401 1364 1494 lune,
1386 1406 1422 1473 dt
1440 1406 1508 1475 Ga·

477 1510 640 1602 baonitas,
658 1509 703 1582 ob
722 1508 819 1582 dolos
836 1508 1014 1581 &infidias
1033 1508 1149 1580 federis
1166 1509 1340 1607 impetrati,
1359 1510 1393 1580 in
1410 1537 1509 1606 aqua-

479 1618 545 1688 rios
572 1621 607 1688 &
630 1619 786 1716 lignarios
811 1611 990 1690 damnavit.
1022 1621 1055 1686 ln
1083 1620 1202 1704 Golou,
1233 1614 1312 1688 urbe
1337 1617 1438 1711 usque
1466 1617 1510 1690 ad

479 1723 586 1796 solum
604 1723 720 1818 diruta,
743 1724 912 1821 paululum
934 1722 1070 1813 substitit
1096 1721 1270 1794 recordata
1290 1727 1417 1820 peccati
1442 1727 1509 1797 eius

478 1835 513 1902 ἅ
532 1831 717 1904 concubine
734 1834 768 1904 in
791 1833 905 1904 frustra
922 1831 1020 1904 divise
1038 1834 1073 1901 δι
1091 1828 1190 1902 tribus
1207 1831 1376 1902 Beniamin
1394 1833 1429 1902 in
1448 1858 1511 1906 tre-

478 1963 591 2011 centos
604 1942 690 2013 viros
708 1964 844 2038 propter
863 1941 995 2011 Paulum
1012 1938 1199 2037 apostolum
1211 1941 1397 2011 reservatos.
1415 1938 1512 2039 Qid

478 2043 533 2116 diu
551 2052 688 2118 moror?
716 2045 770 2117 Ad
790 2047 898 2119 levam
914 2046 1083 2119 mausoleo
1105 2047 1232 2118 Helene
1249 2045 1416 2140 derelidl0,
1434 2073 1511 2142 que,

478 2150 729 2226 Adiabenorum
746 2155 870 2252 regina,
896 2155 1036 2256 infame
1056 2154 1219 2250 populum
1240 2155 1405 2226 frumento
1422 2155 1512 2225 iuve-

477 2284 538 2352 rat,
565 2259 706 2359 ingreffa
729 2261 773 2332 est
796 2264 1048 2357 Hierosolymam,
1076 2259 1191 2332 urbem
1217 2263 1441 2350 trinominem,
1466 2264 1511 2330 le·

479 2365 550 2460 bus,
567 2368 686 2460 Salem,
707 2367 884 2461 Ierusalem,
902 2393 967 2464 que
985 2367 1026 2440 ab
1044 2369 1122 2458 Elio,
1139 2370 1252 2465 postea
1269 2366 1452 2458 HadrianO,
1469 2365 1512 2437 de

479 2475 577 2545 ruinis
589 2477 624 2544 dt
636 2471 950 2546 cineribus-civitatis
963 2477 996 2544 in
1014 2474 1114 2545 Ellam
1126 2475 1292 2545 lusciniae
1308 2474 1362 2545 est.
1380 2473 1512 2569 Quum·

480 2605 543 2675 que
564 2580 741 2676 proconsul
762 2580 925 2673 Palestine,
953 2583 1009 2677 qui
1027 2581 1184 2652 familiam
1209 2583 1278 2652 eius
1305 2582 1432 2678 optime
1449 2605 1512 2649 no-

478 2712 578 2780 verat,
596 2687 761 2787 ¹›'premils1s
786 2686 1044 2788 apparitoribus,
1074 2688 1163 2759 iuffit.
1187 2690 1292 2786 parari
1318 2687 1511 2784 pretorium,

478 2795 577 2893 elegit
594 2794 753 2866 humilem
771 2795 932 2886 cellulam,
950 2799 986 2866 ἃ
1003 2801 1121 2866 cuncta
1136 2795 1213 2866 loca
1230 2819 1322 2867 tanto
1340 2792 1458 2865 ardore
1471 2819 1513 2864 ac

478 2898 583 2972 studio
601 2902 794 2990 circumivit,
813 2925 859 2991 ut,
879 2899 935 2971 nist
960 2898 1004 2972 ad
1020 2902 1143 2997 reliqua
1161 2901 1335 2993 festinaret,
1361 2927 1381 2972 a
1398 2902 1512 2997 primis

478 3033 550 3079 non
566 3005 674 3105 pollet
686 3004 815 3079 abduci.
837 3008 1057 3104 Prostrataque
1074 3033 1151 3080 ante
1168 3033 1311 3100 crucem,
1328 3005 1417 3103 quast
1430 3033 1511 3104 pen·

479 3109 614 3184 dentem
639 3115 826 3186 Dominum
851 3140 1007 3205 cerneret,
1031 3112 1209 3207 adorabat3
1237 3111 1378 3214 ingrella
1407 3113 1512 3210 sepul·

478 3243 570 3290 crum
589 3221 825 3292 rel'urredlionis
846 3219 1051 3294 osculabatur
1066 3221 1223 3319 lapidem,
1249 3247 1349 3319 quem
1367 3220 1410 3293 ab
1427 3221 1511 3291 ollio

480 3331 690 3401 monumenti
706 3355 876 3402 amoverat
891 3329 1038 3428 angelus,
1051 3333 1086 3400 ἅ
1099 3330 1206 3427 ipsum
1224 3329 1372 3425 corporis
1385 3328 1510 3415 locum,

478 3435 594 3530 inquo
612 3437 778 3508 Dominus
793 3441 946 3527 iacuerat,
965 3436 1053 3533 quast
1071 3435 1177 3508 fitiens
1195 3433 1387 3508 defideratas
1399 3461 1512 3531 aquas,

479 3539 568 3611 fideli
585 3566 642 3613 ore
658 3540 834 3615 lambebat.
860 3541 953 3639 Quid
970 3541 1016 3613 ibi
1035 3543 1254 3632 lacrimarum,
1278 3566 1438 3638 quantum
1454 3567 1512 3640 ge·

479 3649 631 3740 mituum,
650 3647 731 3745 quid
748 3649 872 3721 doloris
889 3647 1049 3742 effuderit,
1067 3651 1151 3722 testis
1165 3650 1209 3721 est
1221 3655 1339 3721 cunata
1357 3649 1512 3720 Hierolo-

479 3752 580 3846 lyma,
598 3755 683 3826 tellis
701 3755 746 3826 est
762 3757 829 3853 ipl'e
842 3757 1020 3846 Dominus,
1039 3783 1138 3853 quem
1157 3753 1305 3854 rogabat.

528 3861 594 3932 Vll.
622 3858 700 3932 lnde
722 3858 894 3958 egredieris
920 3861 1066 3935 ascendit
1086 3867 1172 3951 Sion,
1196 3889 1260 3959 que
1282 3864 1316 3933 in
1333 3887 1442 3932 arcem
1460 3860 1513 3933 vel

480 3968 646 4065 speculam
667 3970 808 4042 vertitur.
828 3971 923 4042 Hanc
941 3969 1054 4043 urbem
1072 3970 1245 4067 quondam
1264 3971 1465 4067 expugnavit
1477 3971 1512 4038 dt

482 4073 679 4148 reedificavit
708 4076 827 4166 David.
856 4077 952 4150 Unde
979 4077 1021 4149 de
1047 4101 1236 4177 expugnata
1261 4074 1425 4148 scribitur:
1470 4081 1512 4146 Ve

480 4188 548 4274 ribi,
563 4191 672 4256 civitas
685 4187 790 4273 cArt'el,
811 4183 912 4275 idest,
929 4185 984 4255 leo
998 4185 1072 4276 Dei,
1091 4187 1127 4254 ἃ
1140 4181 1312 4278 quondam
1325 4181 1511 4273 firmiffima,

514 4439 538 4473 a.
558 4419 617 4490 Ed.;
634 4421 683 4472 ΜΓ.
698 4419 814 4484 sustenta,
826 4420 966 4472 sustentata.
