3354 5706
426 560 476 612 DE
502 560 607 613 LOCIS
632 558 758 612 SANCT
761 559 798 610 18.
1064 555 1127 636 159

80 776 157 848 srmi
185 776 350 852 habentur
374 783 477 878 putei,
503 807 645 877 quorum
673 807 756 852 unus
783 778 841 851 sub
867 802 982 851 monte
1007 801 1132 874 magna

80 884 320 983 profunditate
352 887 555 980 del'cendit,⁶
579 890 660 960 alter
688 913 767 960 vero
796 889 830 959 in
857 887 1010 983 spelunce
1040 886 1131 981 pavi·

81 1019 221 1086 mento,
241 998 331 1069 cuius
348 997 530 1086 vastissima,
550 1022 585 1068 ut
603 997 712 1088 fertur,
726 997 858 1084 cavitas,
876 996 909 1064 in
927 990 1133 1090 profundum

82 1098 308 1198 descendens,
322 1111 412 1178 redo
431 1110 534 1178 traslu
550 1103 714 1202 dirigitur:
736 1104 793 1199 qui
809 1101 878 1173 duo
894 1102 986 1198 putei
1002 1100 1131 1196 semper

82 1209 302 1284 clauduntur.
342 1219 375 1286 [n
406 1212 524 1285 eadem
555 1238 635 1310 ergo
667 1212 821 1310 spelunca
852 1233 993 1306 quatuor
1022 1208 1132 1278 insunt

80 1315 223 1414 lapidee
244 1321 365 1411 mense,
383 1346 524 1417 quarum
542 1346 606 1390 una
622 1319 677 1408 est,
697 1320 784 1389 iuxta
797 1317 967 1387 introitum
978 1315 1131 1411 spelunce

82 1421 126 1494 ab
144 1425 240 1496 intus
258 1425 325 1518 fita,
343 1430 483 1500 Domini
499 1427 596 1498 nostri
611 1427 677 1497 lesu
688 1425 818 1513 Christi,
832 1425 885 1496 cui
896 1421 1014 1520 procul
1026 1418 1130 1492 dubio

83 1535 226 1626 mensule
240 1536 335 1628 sedes
359 1533 455 1632 ipsius
484 1532 636 1606 adheret:
662 1530 718 1604 ubi
743 1557 820 1604 cum
845 1529 1024 1602 duodecim
1046 1554 1128 1626 apo-

85 1637 189 1728 stolis,
214 1637 309 1711 simul
324 1639 366 1712 ad
390 1641 470 1712 alias
492 1641 617 1713 mensas
642 1637 765 1711 ibidem
788 1636 915 1709 habitas
937 1633 1133 1728 sedentibus,

84 1747 120 1814 ἃ
136 1746 212 1841 ipse
232 1748 374 1820 conviva
391 1746 571 1843 aliquando
590 1744 802 1818 recumbereb
819 1744 929 1816 solitus
946 1767 1023 1816 erat.
1047 1743 1130 1814 lllius

84 1855 180 1948 putei
199 1879 240 1924 os
263 1855 440 1946 clausum,⁶
462 1880 563 1950 quem
585 1855 620 1924 in
638 1855 832 1950 pavimento
850 1852 1004 1951 spelunce
1030 1847 1131 1922 inesse

85 1959 185 2056 supra
213 1958 406 2058 scripfimuS,
436 1961 663 2059 apostolorum
698 1957 814 2031 menfis
837 1958 988 2056 proprius
1019 1955 1130 2028 haberi

86 2067 299 2139 monstratur.
331 2069 436 2140 Huius
466 2068 620 2166 spelunce
650 2067 781 2164 portula
808 2066 937 2164 ligneo,
972 2089 1007 2135 ut
1037 2065 1133 2136 refert

88 2173 223 2246 lansius
241 2177 404 2268 Arculfus,
422 2173 630 2247 concluditur
647 2175 742 2263 ostiu,
761 2175 818 2270 qui
834 2171 976 2244 eandem
992 2172 1131 2242 Domini

88 2281 285 2379 speluncam
302 2284 409 2380 sepius
427 2283 655 2380 frequentavit.

139 2548 258 2622 XVlll.
282 2552 334 2618 ‘De
346 2574 440 2642 porra
458 2551 569 2618 David
584 2547 615 2616 θ’
631 2551 669 2618 de
687 2550 746 2619 illo
767 2550 846 2636 loco,
866 2555 897 2618 in
914 2574 971 2641 quo
988 2551 1081 2618 ludus

355 2658 505 2750 iscarioth
524 2657 631 2747 laqueo
640 2656 861 2750 sesuspendir.

141 2829 243 2894 Purra
267 2826 376 2894 David
399 2823 523 2894 montis
540 2823 619 2894 Sion
644 2823 738 2894 molli
761 2823 848 2895 clivo
869 2821 911 2894 ab
932 2822 1130 2896 occidentali

92 2929 233 3002 adheret
268 2955 369 3027 parte.
397 2931 453 3000 Per
481 2929 622 3002 eandem
656 2929 698 3002 de
726 2931 856 3002 civitate
878 2928 1130 3028 egredientibus,

91 3061 226 3134 portam
243 3039 278 3106 dt
291 3062 443 3108 montem
456 3039 536 3108 Sion
549 3039 738 3134 proximum
751 3036 795 3110 ad
808 3035 965 3109 sinistram
978 3036 1126 3109 habenti-

91 3141 161 3235 bus,
178 3140 293 3241 ponsd
304 3141 453 3240 lapideus
471 3145 624 3234 occurrit,
650 3145 776 3216 eminus
792 3171 853 3242 per
869 3144 989 3216 vallem
1002 3146 1036 3216 in
1057 3145 1126 3216 aus-

92 3275 177 3322 trum
201 3253 294 3321 resio
321 3251 449 3320 tramite
476 3247 628 3340 direslus,
650 3249 789 3322 arcubus
806 3249 960 3343 suffalrus,
977 3250 1021 3323 ad
1039 3254 1129 3324 cuius

93 3355 307 3428 medietatem
331 3351 371 3426 ab
400 3358 517 3427 occasu
543 3356 597 3426 ille
614 3357 758 3428 vicinus*
784 3355 921 3429 habetur
946 3359 1050 3450 locus,
1074 3355 1130 3428 ubi

92 3467 184 3534 ludas
210 3467 403 3558 iscariothis,
430 3461 658 3560 desperatione
685 3468 830 3552 madius,
861 3464 983 3560 laqueo
999 3468 1040 3560 se
1056 3469 1129 3561 sus-

89 3567 233 3664 pffldlt.s
248 3565 372 3640 ibidem
389 3566 571 3666 &grandis
586 3568 687 3641 hodie
700 3568 809 3642 adhuc
823 3572 1020 3644 monstratur
1036 3569 1129 3661 ficus,

93 3672 134 3744 de
154 3675 258 3766 cuius,
282 3700 318 3746 ut
342 3675 451 3767 fertur,
478 3677 599 3746 vertice
619 3675 823 3773 inlaqueatus
842 3675 1007 3774 'pependit
1024 3675 1129 3768 ludas,

94 3796 151 3849 urg
169 3785 338 3874 iuvencus,
357 3781 526 3878 presbyter
543 3781 716 3876 verfificus,
733 3785 865 3857 cecinit:

277 3919 431 4004 Informem
445 3922 546 4006 rapuit
549 3921 623 4006 ficus
636 3923 669 3985 de
683 3923 787 3987 vertite
800 3939 922 3988 mortem.

128 4118 150 4153 a.
168 4103 210 4165 G.,
222 4099 259 4153 al.
280 4100 304 4152 in
324 4099 404 4152 altum
417 4099 512 4153 infinita
522 4119 581 4170 pro-
642 4119 662 4154 e.
677 4103 707 4154 G.
719 4119 763 4155 om.
778 4100 881 4156 vicinus.
892 4101 952 4155 -s.
967 4103 1128 4167 L‚B.,V.,R.

96 4175 218 4232 funditate
232 4179 369 4249 produsius
382 4179 532 4232 extenditur.
547 4207 580 4218 -
641 4180 792 4251 suspendens
809 4181 958 4253 disperierat.
976 4211 1009 4222 -
1022 4199 1048 4252 g.
1059 4183 1127 4234 ΜΔ.

97 4259 119 4308 b.
137 4262 167 4312 G.
182 4277 228 4312 orn.
237 4259 344 4328 sequens
362 4259 426 4329 sepe.
445 4287 476 4299 -
496 4277 518 4312 c.
538 4259 578 4311 AI.
640 4259 720 4331 aliqui
732 4265 800 4316 codd.
811 4262 844 4315 de
857 4261 910 4332 ipso
923 4261 993 4314 luda.

98 4340 248 4392 conclusum.
276 4369 309 4380 -
340 4339 364 4391 d.
390 4338 429 4392 AL
457 4339 521 4392 sons.
547 4367 579 4378 -
