3296 5700
518 562 588 638 226
840 579 946 633 saun
972 559 1220 631 venenatiore

517 805 673 902 tringinta
696 798 884 890 stadiorum,
906 798 1047 872 latitudo
1069 823 1202 872 centum
1222 797 1350 895 viginti,
1374 793 1564 866 exordium

517 939 537 983 a
565 913 640 984 vico
666 907 877 998 Gennabara,
902 906 975 979 finis
1003 906 1103 1003 usque
1133 904 1176 978 ad
1201 903 1406 1001 Asphaltium
1429 901 1562 972 lacurn

518 1016 662 1090 Iordanis
683 1041 759 1087 eum
785 1012 933 1086 medium
957 1014 1138 1105 intersecat,
1163 1007 1374 1084 viridantibus
1393 1009 1478 1104 ripis
1501 1005 1564 1078 flu·

517 1127 612 1196 minis
643 1125 818 1215 alluvione,
843 1121 1002 1220 siquidem
1025 1123 1120 1220 super
1146 1121 1232 1217 ripas
1253 1114 1397 1189 eiusdem
1427 1115 1563 1186 frudus

517 1230 672 1304 arborum
689 1229 819 1303 uberior
831 1231 888 1320 est,
904 1229 983 1301 alias
999 1229 1101 1327 longe
1119 1226 1248 1317 exilior3
1265 1222 1356 1296 arida
1371 1223 1469 1294 enim
1485 1223 1564 1293 sunt

467 1333 471 1342 ’
515 1339 629 1410 omnia
645 1363 751 1436 preter
768 1362 862 1408 oram
879 1333 1032 1406 fluminis.

741 1603 794 1676 Xl.
822 1609 874 1675 De
891 1606 1020 1675 iordane
1037 1603 1068 1673 ὂ
1086 1607 1165 1672 mori
1183 1602 1315 1672 Gallice.

563 1769 660 1870 lpfius
674 1797 785 1845 autem
803 1775 943 1844 Iordanis
960 1768 1131 1844 exordium
1148 1769 1251 1866 vulgo
1269 1791 1401 1866 putatur
1418 1769 1454 1839 in
1476 1793 1562 1866 pro-

514 1881 621 1953 vincia
642 1877 794 1970 Phenice,
814 1877 857 1950 ad
879 1875 1005 1950 radices
1030 1878 1152 1948 montis
1173 1870 1296 1965 Libani,
1321 1872 1377 1946 ubi
1400 1881 1560 1964 Paneion,

514 1984 548 2056 id
575 1987 629 2078 est,
646 1985 784 2057 Cesarea
803 1985 940 2084 Philippi
966 1983 1021 2056 fita
1040 1984 1093 2056 est.
1113 1980 1262 2058 Unde&
1285 1981 1375 2054 idem
1392 1983 1561 2070 Peneum,

514 2090 580 2164 hoc
596 2092 651 2184 est,
669 2090 823 2188 speleum,
841 2117 899 2189 pet
916 2091 1009 2188 quod
1026 2092 1091 2164 sese
1109 2090 1229 2162 attollit
1251 2087 1407 2182 lordanis,
1430 2115 1451 2160 a
1478 2115 1561 2190 rege

513 2200 664 2296 Agrippa
689 2198 809 2271 decore
838 2197 1019 2271 admirabili
1053 2198 1245 2272 exstruslum
1277 2197 1560 2294 venustatmnque

512 2307 702 2403 accipimus.
728 2305 775 2376 Est
793 2331 903 2378 autem
927 2309 961 2378 in
977 2302 1232 2379 Trachonitide'
1253 2329 1336 2377 terra
1361 2304 1434 2376 sons
1453 2305 1560 2378 rote*

513 2412 703 2508 qualitatem
729 2414 924 2510 exprimens,
949 2411 1037 2484 unde
1062 2414 1097 2483 dt
1123 2410 1229 2483 Phiale
1252 2436 1375 2482 nomen
1404 2414 1558 2510 accepit,

511 2518 701 2615 quindecim
727 2545 746 2591 a
776 2520 916 2592 Cesarea
947 2516 1089 2590 millibus
1117 2515 1270 2614 passuum
1300 2514 1469 2606 discrettts,
1509 2519 1557 2590 ita

511 2627 628 2724 iugiter
652 2624 767 2723 plenus
784 2638 973 2723 aquarum,‘
1004 2651 1039 2698 ut
1065 2650 1173 2721 neque
1199 2621 1406 2721 superfluant,
1436 2649 1559 2721 neque

512 2729 1440 2938 lsslssffgslssssslsss¹lrlssj¹3rl¹¹¹ssjtfflllff
1456 2735 1557 2914 {ss

510 2945 590 3017 livit.
624 2945 722 3019 Unde
751 2948 854 3043 liquet
877 2947 912 3017 in
940 2946 1046 3018 Phiala
1072 2945 1270 3044 principium
1298 2941 1363 3016 esse
1388 2943 1556 3038 Iordanis,

511 3051 568 3124 sed
585 3052 658 3149 post
675 3050 899 3126 subterraneos
916 3079 1041 3126 meatus
1057 3055 1092 3126 in
1111 3054 1216 3126 Patieo
1236 3050 1356 3151 cepisse
1372 3049 1555 3142 fluentum,

511 3159 579 3254 qui,
604 3182 684 3230 mox
700 3159 809 3230 lacum
826 3158 995 3258 ingressus,
1017 3159 1153 3257 paludes
1175 3163 1244 3233 eius
1263 3159 1441 3250 intersecat,
1469 3159 1556 3232 inde

511 3289 645 3361 quoque
662 3265 771 3336 cursus
787 3266 861 3338 suos
878 3265 1031 3366 dirigens,
1049 3258 1261 3364 quindecims
1277 3265 1377 3338 millia
1392 3261 1554 3364 passuum

510 3369 576 3443 stne
603 3371 668 3442 ulla
688 3372 896 3445 interfusione
921 3374 1130 3474 progreditur
1149 3377 1250 3471 usque
1277 3372 1319 3448 ad
1341 3373 1470 3462 urbem,
1498 3377 1553 3446 cui
1646 3367 1647 3376 ¹

512 3475 602 3549 lulias
626 3503 752 3552 nomen
781 3480 839 3574 est3
870 3482 982 3577 postea
998 3482 1108 3554 lacum
1134 3487 1266 3579 Genesar
1292 3479 1403 3564 medio
1435 3480 1553 3555 transt

510 3581 648 3675 fluento,
666 3585 764 3678 unde,
782 3587 922 3684 plurima
936 3591 1197 3688 circumvagatus
1210 3589 1311 3682 loca,'
1328 3587 1551 3686 Asphaltium‚

510 3688 575 3762 hoc
604 3691 649 3763 est
679 3693 848 3766 Mortuum
876 3720 966 3766 mare
993 3693 1171 3794 ingressus,
1200 3693 1380 3768 laudabiles
1408 3693 1552 3793 perdits,

510 3821 621 3893 aquas.
639 3797 685 3868 list
705 3800 824 3871 coloris
850 3799 962 3892 albidi,
990 3799 1067 3874 ficut
1087 3803 1150 3894 lac,
1177 3806 1211 3874 &
1238 3800 1284 3874 ob
1312 3802 1437 3874 hocin
1462 3803 1549 3873 mari

510 3905 644 3976 Mortuo
668 3905 774 4004 longo
801 3908 930 3979 tramite
957 3906 1155 3981 discernitur.
1172 3909 1220 3980 13st
1245 3933 1356 3980 autem
1381 3910 1549 3999 Geneaar,

510 4008 544 4080 id
560 4010 606 4082 est
618 4039 699 4083 mare
722 4015 856 4103 Gasilee,
878 4017 1008 4112 magnis
1021 4013 1103 4089 silvis
1120 4014 1371 4108 circumdatum,
1388 4017 1423 4088 in
1435 4015 1548 4114 longi·
1645 4095 1646 4114 ξ

553 4193 576 4228 a.
608 4177 650 4228 Pb.
673 4175 706 4229 est
735 4177 800 4230 intra
830 4189 931 4232 tetram.
960 4209 995 4220 -
1107 4181 1133 4233 d.
1148 4181 1326 4248 Pt.aiJ.-e.
1346 4179 1547 4234 Aridelum.-

509 4254 533 4306 b.
554 4255 634 4321 Med,
656 4257 699 4309 Pa.
721 4257 810 4322 Μ,
834 4260 863 4309 0.
882 4275 944 4311 rore.
960 4287 995 4298 -
1056 4257 1543 4330 t.Mffi;prodited.a!.,snita‚Giles.

506 4349 529 4386 c.
547 4335 651 4388 saum
665 4336 707 4388 Pa.
726 4337 801 4389 addit
813 4337 995 4391 habundantia.
