3296 5700
250 546 536 602 uoumnoatcou
562 545 587 598 s.
616 543 857 598 wnusauot.
1006 549 1074 626 279

32 769 175 838 summo
191 765 397 838 sacerdotalis
410 767 511 838 infule
525 766 642 838 ditatus
660 793 728 838 erat
738 767 877 856 honore,
895 793 996 838 unam
1009 791 1078 838 erat

33 873 304 965 hebdomadam,
329 878 364 946 ἃ
384 875 499 971 postea
520 876 637 944 iterum
655 872 698 945 ad
715 872 966 970 predestinatum
986 901 1077 944 man-

33 979 139 1051 sionis
160 982 215 1051 sue
238 980 352 1052 locum
379 979 552 1052 remeabat.
577 981 628 1050 llle
646 979 863 1071 Willibaldus,
890 980 1025 1076 quando
1042 982 1077 1051 in

35 1090 272 1184 episcopatum
285 1089 488 1160 consecratus
499 1113 576 1178 erat,
594 1085 734 1158 habebat
743 1085 960 1184 quadraginta
972 1113 1076 1158 annos

36 1199 71 1266 ὅ(
91 1221 210 1265 unum.
237 1193 271 1264 Et
295 1219 373 1264 tunc
400 1219 468 1266 erat
491 1194 679 1264 autumnale
702 1219 838 1290 tempus.
865 1194 963 1264 Circa
987 1195 1076 1266 illam

43 1302 111 1372 fere
125 1301 258 1388 horam,
274 1298 373 1372 nibus
384 1297 648 1372 hebdomadibus
671 1325 747 1370 ante
761 1300 867 1371 natale
881 1301 981 1372 sansli
992 1302 1076 1372 Mar·

41 1408 113 1495 tini,
140 1407 175 1478 in
194 1409 421 1506 episcopatum
442 1408 647 1477 consecratus
664 1406 709 1475 est
727 1409 760 1476 in
777 1407 866 1494 loco,
889 1408 946 1500 qui
961 1405 1078 1478 dicitur

38 1516 253 1608 Sulpebrucge.
331 1557 333 1562 ·

87 1621 273 1692 Transaslo
283 1647 381 1716 atque
394 1623 568 1693 terminato
584 1621 701 1718 prolixi
713 1621 834 1690 itineris
847 1643 956 1691 meatu
968 1621 1076 1693 Willi-

41 1723 141 1814 baldi,
170 1754 272 1823 quern
296 1729 348 1798 ille
371 1729 467 1826 sagax
490 1730 523 1799 in
542 1729 665 1823 septem
683 1753 845 1798 annorum
862 1727 999 1799 induciis
1017 1728 1076 1798 lus·

43 1832 163 1904 nando
182 1833 306 1926 adibat,
326 1835 381 1905 illa'
395 1859 484 1905 nunc
502 1837 679 1932 reperta&
696 1859 735 1904 ex
753 1836 813 1904 ritu
832 1836 948 1906 rimata
969 1835 1076 1930 expla-

43 1962 117 2008 nare
131 1941 351 2036 intimareque
364 1940 577 2030 conabamur,
594 1944 629 2012 ἃ
642 1965 711 2010 non
728 1938 770 2011 ab
784 1940 848 2011 alio
862 1964 999 2036 reperta,
1021 1937 1075 2012 nifi
1159 1951 1169 1958 ’

44 2041 83 2112 ab
96 2046 168 2141 ipso
184 2046 297 2118 audita
310 2051 343 2119 ἃ
357 2073 397 2118 ex
408 2047 490 2118 illius
503 2072 562 2118 ore
575 2045 694 2118 distata
707 2045 944 2142 perscripfimus
957 2048 989 2116 in
1003 2071 1076 2118 mo·

46 2151 182 2222 nasterio
204 2152 434 2245 Heidenheim,
460 2151 588 2224 testibus
606 2153 686 2223 mihi
705 2150 853 2224 diaconis
870 2155 989 2224 eius&
1006 2153 1075 2224 aliis

49 2259 213 2330 nonnullis
226 2257 406 2331 iunioribus
421 2262 498 2332 eius.
518 2258 594 2331 ldeo
606 2257 684 2330 dico
698 2259 774 2350 hoc,
789 2283 824 2330 ut
841 2259 946 2330 nullus
961 2261 1076 2332 iterum

48 2361 131 2434 dicat
155 2366 312 2438 frivolum
330 2364 454 2438 fuisses

53 2597 224 2669 XXXVlll.
245 2606 278 2670 ln
291 2607 406 2694 liilrflat
418 2609 623 2695 monasterium
636 2610 823 2695 construitur,
841 2605 1073 2695 vitasecundum

242 2709 378 2801 regulam
388 2713 493 2801 fundi
510 2711 669 2778 senediui
686 2707 886 2802 instituimus

95 2892 267 2988 Postquam
283 2892 336 2964 ille
353 2893 394 2964 de
412 2895 517 2964 Roma
533 2895 568 2964 in
594 2893 686 2964 istam
703 2892 854 2965 veniebat
871 2895 1077 2990 provinciam

54 3021 123 3068 cum
141 2998 242 3070 tribus
265 2997 500 3071 contribulibus
515 3001 586 3088 suis,
608 3024 685 3070 tunc
698 2998 916 3098 quadraginta
930 3003 965 3070 ὅ(
983 3002 1077 3071 unius

55 3129 211 3176 annorum
230 3130 325 3196 etate,
350 3108 415 3176 iam
431 3131 552 3203 gnarus
569 3109 605 3177 δι
623 3105 819 3203 grandevus,
847 3107 925 3176 sacri
952 3107 1076 3203 episco-

54 3235 140 3304 patus
165 3211 307 3309 gradum
332 3213 470 3308 accepit,
498 3216 533 3284 ἃ
559 3213 592 3282 in
614 3211 703 3302 loco,
730 3215 787 3309 qui
811 3211 927 3284 dicitur
950 3220 1076 3304 Eiltflar,

58 3318 283 3390 monasterium
296 3319 481 3390 construere
494 3318 681 3414 incipiebat,
699 3344 798 3414 atque
810 3319 887 3389 ocio
896 3317 1021 3391 ibidem
1030 3319 1076 3390 sa·

56 3445 136 3493 cram
152 3425 387 3497 monasterialis
404 3427 470 3497 vite
487 3423 692 3522 disciplinam
703 3429 737 3497 in
755 3426 848 3497 usum
865 3427 980 3522 prioris
999 3427 1076 3516 vite,

58 3527 140 3619 quod
151 3529 297 3602 videndo
310 3530 353 3601 ad
363 3533 519 3602 Sanslum
532 3529 751 3622 Benedislum,
768 3534 803 3603 &
815 3557 884 3603 non
903 3533 1007 3603 solum
1019 3530 1075 3617 ibi,

58 3631 105 3702 sed
116 3637 272 3707 &inaliis
285 3636 394 3707 multis
410 3637 651 3708 monachorum
663 3636 895 3730 mansionibus,
913 3663 993 3734 quas
1009 3639 1078 3736 ipse

59 3737 144 3810 solers
168 3746 204 3813 δι
232 3743 390 3840 sophyrus
415 3745 502 3816 vasta
524 3770 583 3840 per
604 3771 676 3816 rura
701 3742 853 3816 rimando
875 3743 1077 3844 explorabat,

60 3843 188 3941 illorum,
210 3843 305 3925 maol
331 3875 483 3921 normam
500 3850 684 3922 venerande
700 3852 777 3942 vite,
795 3852 1077 3924 conversationem

60 3949 89 4018 in
108 3953 275 4051 semetipso
298 3955 503 4030 ostendendo
532 3955 710 4029 exercebat.
739 3958 774 4027 Et
789 3982 867 4028 cum
888 3959 999 4054 paucis
1017 3956 1075 4030 ad·

90 4161 109 4194 a.
123 4149 150 4198 ln
162 4149 186 4199 P.
199 4148 255 4200 alia
273 4151 385 4218 quedam
389 4149 471 4216 seculi
484 4151 536 4204 ΧΥ
596 4149 740 4219 legendam,
760 4151 820 4220 quia
838 4151 912 4203 mam
932 4150 957 4202 in
970 4149 1078 4220 prologo

61 4237 139 4276 nasus
162 4228 212 4281 laer
238 4227 345 4280 adierit:
373 4229 422 4281 Hic
446 4229 534 4282 conliei
597 4228 679 4282 asserit
692 4231 716 4283 sc
726 4228 776 4283 esse
787 4231 820 4283 de
832 4229 959 4300 parentela
978 4230 994 4282 s.
1010 4229 1079 4284 Billi-

62 4299 124 4354 datur
137 4305 152 4355 l.
171 4307 326 4378 Balpurgam
342 4307 458 4382 scripsrffe
469 4308 534 4360 hanc
598 4309 675 4362 baldi.
686 4338 721 4348 —
734 4312 758 4362 b.
773 4309 868 4362 ‘liuius
882 4313 907 4362 d.
920 4309 946 4362 ln
958 4312 983 4364 P.
