3354 5706
420 559 471 611 ou
496 559 600 610 tocrs
625 555 791 609 snucuts.
1059 558 1123 632 ¹47

73 782 108 849 in
137 804 215 875 quo
245 774 381 875 possunt
403 803 451 850 ter
477 777 581 848 terni⁶
602 775 752 848 homines
777 775 894 847 stantes
920 799 1023 864 orate,
1048 777 1083 846 ἃ
1104 801 1124 846 a

73 887 205 958 vertice
225 885 362 956 alicuius
380 909 449 956 non
462 853 568 956 brevis
591 883 706 954 stature
724 882 834 954 stantis
857 881 1000 952 hominis
1023 881 1123 976 usque

75 991 121 1064 ad
148 993 244 1064 illius
266 991 468 1062 domuncule
489 1015 655 1062 cameram
676 1014 733 1085 pes
758 989 952 1086 &semipes
974 989 1124 1061 mensura

77 1102 111 1170 in
137 1101 252 1170 altum
271 1097 464 1170 extenditur.
491 1098 597 1169 Huius
618 1096 774 1194 tugurioli
790 1096 940 1167 introitus
957 1094 1000 1167 ad
1018 1097 1123 1168 orien-

79 1231 149 1277 tem
191 1205 340 1303 respicit,
377 1203 468 1301 quod
503 1227 610 1274 torum
643 1202 833 1273 extrinsecus
867 1202 971 1272 eletio
1007 1203 1124 1300 tegitur

79 1339 268 1405 marmore,
281 1314 372 1384 cuius
383 1309 541 1383 exteriusl
557 1311 722 1382 summum
735 1308 866 1382 culmen
876 1335 957 1381 auro
970 1335 1124 1382 ornatum

79 1447 222 1492 auream
250 1445 319 1491 non
341 1445 479 1517 parvam
503 1419 654 1490 sustentat
675 1443 817 1490 crucem.
843 1422 875 1488 ln
893 1417 986 1488 huius
1004 1420 1123 1515 tugurij

80 1527 276 1624 aquilonali·
298 1551 391 1623 parte
427 1525 610 1622 sepulcrum
642 1525 781 1595 Domini
814 1521 863 1594 in'
882 1523 999 1596 eadem
1032 1550 1124 1621 petra

81 1636 218 1708 interius
243 1635 386 1706 excisum
403 1631 549 1724 habetur,
571 1629 625 1704 sed
648 1630 793 1704 eiusdem
818 1634 936 1730 tugurij
954 1634 1125 1730 pavimen-

83 1767 154 1814 tum
176 1741 336 1812 humilius
362 1741 406 1812 est
429 1741 507 1812 loco
525 1740 681 1837 sepulcri3
706 1766 783 1811 nam
802 1765 822 1811 a
846 1740 1039 1837 pavimento
1057 1742 1124 1814 eius

85 1851 187 1946 usque
206 1847 252 1920 ad
270 1848 405 1944 sepulcri
422 1847 609 1944 marginem
620 1847 727 1918 lateris
745 1843 831 1942 quast
846 1845 944 1916 trium
959 1848 1124 1918 mensura⁶

85 1954 267 2026 altitudinis
290 1953 502 2052 palmorumd
524 1951 638 2024 baberi
662 1951 872 2051 dignoscitur.
899 1953 950 2024 Sic
967 1953 1048 2024 mihi
1064 1956 1124 2025 Ar·

87 2061 203 2151 culfits,
228 2064 287 2157 qui
310 2062 384 2159 sepe
408 2060 592 2158 sepulcrum
610 2059 749 2132 Domini
767 2058 1006 2156 frequentabat,
1027 2058 1124 2133 indu·

87 2165 231 2240 bitanter
248 2170 397 2240 emensus
414 2169 654 2264 pronunciavit.

136 2277 217 2347 Hoc
246 2279 282 2348 in
309 2277 402 2348 loco‘
431 2280 636 2372 discrepantia
667 2277 841 2347 nominum
871 2274 1019 2346 notanda
1049 2284 1126 2348 inter

91 2411 306 2456 monumentum
331 2386 362 2455 ἂ
373 2388 566 2480 sepulcrum,¹
595 2411 673 2456 nam
698 2383 777 2456 illud
803 2386 878 2482 sepe
905 2409 1126 2456 memoratum

92 2490 274 2562 rotundum
287 2493 464 2590 tugurium,
481 2490 546 2562 alio
560 2494 696 2562 nomine
709 2495 899 2586 Evangelisle
911 2517 1125 2563 mouumentum

93 2622 226 2670 vocant:
264 2598 306 2670 ad
338 2600 429 2669 cuius
454 2598 570 2668 ostium
597 2597 792 2671 advolutum
820 2602 855 2670 ἃ
874 2597 917 2671 ab
946 2602 1014 2670 eius
1043 2599 1126 2669 ostio

94 2706 280 2778 revolutum
305 2704 463 2803 lapidem,
495 2706 678 2804 resurgente
701 2706 864 2798 Domino,
895 2706 1127 2803 pronunciant.

94 2817 267 2908 Sepulcrum
293 2813 427 2911 proprie
448 2811 501 2884 ille
526 2811 645 2884 dicitur
666 2813 758 2884 locus
778 2815 812 2884 in
836 2813 978 2912 tuguri0,
1002 2811 1068 2884 hoc
1085 2811 1130 2883 est

94 2922 125 2991 in
138 2921 322 3018 aquilonali
338 2944 432 3018 parte
448 2922 668 3013 monumenti,
687 2922 722 2991 in
742 2945 811 3016 quo
829 2920 1038 2992 dominicum
1055 2945 1127 2990 cor·

97 3055 152 3124 pus
180 3025 426 3100 linteaminibus
458 3028 644 3101 involutum
671 3026 846 3101 conditum
875 3028 1011 3124 quievit:
1040 3029 1130 3100 cuius

99 3135 341 3234 longitudinem
363 3135 515 3207 Arculfus
536 3137 572 3207 in
594 3137 718 3233 septem
735 3134 861 3232 pedum
881 3137 1032 3209 mensura
1054 3162 1130 3234 pro-

98 3245 163 3338 pria
179 3244 311 3316 mensus
328 3244 372 3314 esl
389 3268 499 3314 manu.
529 3242 635 3340 Quod
653 3241 806 3316 videlicet
827 3243 1024 3341 sepulcrum,
1047 3269 1128 3334 non,

100 3374 133 3420 ut
166 3349 304 3446 quidam
338 3349 418 3421 falso
453 3350 639 3444 opinantur,
673 3348 795 3447 duplex
824 3354 859 3421 ἃ
888 3350 1070 3447 quamdam
1086 3350 1129 3423 de

99 3457 163 3553 ipsa
190 3457 522 3553 maceriola’petram
551 3454 676 3529 habens
706 3457 859 3550 excisam,
885 3457 953 3530 duo
980 3484 1073 3530 crura
1095 3463 1130 3530 ἃ

102 3564 223 3636 semota
248 3563 317 3636 duo
343 3562 619 3636 intercidentemf
641 3567 676 3634 ἃ
697 3565 912 3662 separantem,
943 3565 999 3638 sed
1021 3591 1129 3638 totum

101 3667 239 3768 fimplex,
263 3698 282 3744 a
304 3673 424 3744 vertice
447 3671 548 3766 usque
565 3669 609 3742 ad
625 3670 754 3767 plantas
771 3672 893 3744 ledlum
911 3674 1004 3746 unius
1020 3674 1128 3745 homi-

103 3779 147 3849 nis
164 3805 323 3877 capacem
340 3778 434 3875 super
450 3776 585 3849 dorsum
601 3779 735 3850 iacentis
755 3778 906 3877 prebens,
934 3783 968 3852 in
990 3781 1131 3854 modum

104 3885 249 3982 spelunce
265 3887 436 3959 introimm
453 3911 472 3956 a
488 3885 608 3956 lateret
625 3883 748 3958 habens
765 3886 809 3959 ad
825 3887 995 3960 australem
1010 3915 1130 3962 monu-

137 4122 159 4155 a.
186 4109 221 4170 fl,
242 4109 332 4171 Ber-n„
359 4109 403 4172 G.,
430 4109 457 4158 C.
488 4115 583 4157 tantm
645 4123 752 4160 rnatum
785 4129 869 4163 -e.
897 4111 968 4163 Mas.
994 4111 1145 4183 proprietas

109 4185 220 4238 temi.·-
240 4145 437 4254 binitlt'ismff.
447 4185 584 4239 exterioris.
646 4187 758 4242 sive.—
779 4190 854 4258 s..,L
870 4190 906 4244 al.
926 4191 1131 4245 intercedentem.

109 4271 223 4334 —c.B.,
239 4271 267 4322 7.
291 4267 414 4338 apoplite
433 4277 479 4320 aut
496 4267 585 4337 pollice
647 4299 680 4308 —
701 4287 726 4339 g.
745 4270 800 4324 l.'
792 4289 816 4323 m
838 4233 967 4325 iirtroitum
992 4272 1114 4326 altare...

112 4309 223 4416 usquead
236 4349 383 4402 auriculam.
398 4379 430 4388 -
443 4349 469 4400 d.
486 4347 524 4400 Al.
534 4347 587 4417 pal·
648 4350 786 4422 respiciens.
