3448 5718
490 512 537 592 30
839 515 1005 568 sAucrAE
1027 515 1168 570 raum

488 759 658 806 remorum
685 731 785 806 duclu
813 735 905 808 navis
933 737 969 807 in
994 736 1097 807 altum
1122 733 1379 832 protrahebatur.
1405 734 1518 806 Parvus

489 841 644 912 Texotius
670 840 830 937 supplices
854 867 971 913 manus
992 840 1149 914 tendebat
1177 842 1211 914 in
1236 842 1361 934 littore,
1392 840 1517 932 Rufina,

490 948 557 1018 iam
575 943 704 1038 nubilis,
729 971 764 1017 ut
779 947 850 1019 suas
867 948 1067 1045 exspeslaret
1088 949 1229 1045 nuptias,
1255 971 1366 1018 tacens
1392 945 1518 1019 fletibus

491 1050 691 1126 obsecrabat.
709 1051 744 1124 Et
760 1077 871 1126 tamen
887 1055 942 1127 illa
959 1052 1061 1128 ficcos
1082 1055 1239 1128 tendebat
1255 1054 1297 1128 ad
1316 1053 1423 1127 celum
1442 1079 1518 1124 ocu-

490 1158 553 1251 los,
569 1161 725 1256 pietatem
742 1161 777 1231 in
793 1160 877 1232 filios
894 1164 1014 1258 pietate
1033 1164 1067 1235 in
1086 1164 1196 1234 Deum
1213 1163 1374 1259 superans.
1392 1160 1520 1231 Nescie-

491 1263 548 1338 bat
573 1268 605 1338 se
627 1291 776 1358 matrem,
803 1293 838 1339 ut
859 1268 977 1340 Christi
997 1267 1153 1366 probaret
1177 1271 1343 1343 ancillam.
1373 1271 1519 1365 Torque-

490 1372 610 1446 bantur
634 1375 755 1447 viscera
782 1378 828 1464 δι,
854 1365 942 1470 quast
968 1403 987 1446 a
1009 1377 1068 1448 litis
1091 1376 1246 1450 membris
1264 1377 1521 1470 distraherentur,

493 1478 702 1556 cumdolore
719 1479 911 1579 pugnabat:
929 1485 1019 1555 ineo
1037 1487 1160 1556 conclis
1174 1485 1407 1577 adnutabilior,
1428 1483 1521 1580 quod

494 1614 652 1686 magnam
680 1588 823 1660 vinceret
850 1592 1028 1663 caritatem.
1059 1597 1143 1664 lnter
1172 1592 1314 1664 hostium
1344 1618 1460 1664 manus
1487 1593 1522 1661 ἃ

493 1697 688 1793 captivitatis
707 1694 823 1768 duram
842 1698 1060 1771 necessitatem
1078 1698 1158 1770 nihil
1174 1697 1336 1770 crudelius
1353 1698 1398 1771 est
1421 1724 1522 1795 quam

493 1825 641 1898 parentes
657 1828 678 1872 a
692 1799 801 1873 liberis
817 1803 963 1900 separari.
983 1805 1056 1875 llec
1074 1827 1190 1876 contra
1207 1805 1277 1876 iura
1294 1827 1408 1876 nature
1423 1803 1523 1900 plena

491 1907 572 1980 sides
600 1907 794 2006 patiebatur,
816 1912 921 1982 immo
943 1910 1091 2009 gaudens
1113 1912 1241 1982 animus
1263 1908 1451 2008 appetebat,
1476 1913 1523 2002 ἃ,

490 2041 640 2087 amorem
661 2014 805 2087 filiorum
827 2019 951 2089 maiore
976 2021 1010 2088 in
1028 2020 1138 2090 Deum
1158 2044 1271 2089 amore
1295 2043 1524 2111 contemnens,

490 2122 610 2194 insola
627 2121 807 2214 Eustochio,
830 2149 895 2220 que
915 2123 1127 2222 &propositi
1153 2128 1188 2196 ἀ
1213 2126 1430 2223 navigationis
1457 2127 1525 2196 eius

492 2254 605 2301 comes
628 2254 705 2321 erat,
728 2230 963 2328 acquiescebat.
987 2230 1140 2304 Sulcabat
1161 2232 1291 2304 interim
1312 2233 1404 2304 navis
1432 2259 1526 2305 mate

492 2342 537 2430 ἃ,
550 2339 686 2426 ευηὲὶίε,
699 2339 755 2433 qui
774 2363 850 2409 cum
863 2367 901 2410 ea
916 2338 1128 2429 vehebantur,
1145 2340 1255 2411 littora
1271 2334 1527 2436 respicientibus,

492 2445 561 2541 ipsa
582 2443 711 2516 aversos
730 2444 863 2517 tenebat
882 2446 1009 2538 oculos,
1040 2471 1082 2517 ne
1099 2444 1234 2538 videret,
1265 2473 1349 2543 quos
1375 2444 1438 2517 stne
1460 2469 1527 2514 tor-

493 2575 607 2623 mento
625 2551 734 2625 videre
752 2580 821 2625 non
838 2579 976 2653 poterat.
997 2556 1119 2645 Fateor,
1137 2555 1226 2624 nulla
1238 2552 1279 2624 stc
1297 2555 1419 2625 amavit
1430 2551 1528 2643 lilios,

494 2656 623 2755 quibus,
640 2684 819 2756 antequam
834 2660 1069 2759 profisceretur,
1091 2664 1210 2732 cuncla
1227 2661 1344 2758 largita
1360 2660 1415 2751 est,
1431 2659 1528 2730 exhe-

494 2763 610 2839 redens
627 2767 659 2838 se
676 2769 710 2838 in
728 2793 821 2860 terra,
842 2793 878 2838 ut
895 2765 1107 2840 hereditatem
1125 2768 1282 2840 inveniret
1305 2769 1339 2838 in
1357 2766 1439 2838 celo.

543 2877 589 2945 lll.
628 2875 746 2958 Delata
783 2875 826 2948 ad
859 2875 998 2947 insulam
1033 2881 1195 2965 Pontium,
1231 2900 1332 2971 quam
1361 2873 1529 2946 clarillime

497 2981 669 3077 quondam
685 2984 883 3055 feminarum
899 2981 956 3055 sub
974 2983 1169 3054 Domitiano
1188 2983 1349 3079 principe,
1367 3006 1428 3078 pro
1447 3007 1530 3052 con-

495 3087 628 3161 feffione
655 3090 798 3161 nominis
820 3089 991 3180 christiani,
1020 3089 1124 3162 Flavie
1149 3089 1323 3160 Domitille
1345 3085 1531 3160 nobilitavit

496 3193 650 3287 exfilium,
666 3194 845 3292 vidensque
862 3196 1004 3288 cellulas,
1021 3198 1055 3266 in
1075 3193 1193 3292 quibus
1215 3195 1270 3266 illa
1286 3195 1426 3292 longum
1443 3220 1529 3265 mar·

497 3303 617 3395 tyrium
630 3301 776 3395 duxerat,
790 3303 899 3374 litmtis
913 3302 989 3375 fidei
1006 3303 1076 3392 alis,
1095 3303 1361 3394 Hierosolymam
1373 3303 1408 3370 ἅ
1420 3301 1530 3374 lancia

496 3409 572 3480 loca
588 3409 698 3481 videre
716 3407 877 3508 cupiebat.
908 3408 1009 3481 Tardi
1032 3435 1124 3482 erant
1141 3411 1230 3482 venti
1248 3412 1283 3479 &
1311 3410 1418 3480 omnis
1435 3411 1532 3508 pigra

498 3515 663 3588 velocitas.
686 3521 769 3588 lnter
786 3516 927 3610 Scyllam
943 3520 978 3587 δε
994 3513 1209 3610 Charybdem
1225 3515 1395 3587 Adriatico
1414 3517 1446 3587 se
1463 3541 1531 3587 cre·

498 3619 579 3693 dens
595 3622 730 3722 pelago,
751 3621 839 3719 quast
856 3648 915 3719 per
932 3624 1085 3722 stagnum
1104 3626 1195 3696 venit
1212 3626 1401 3712 methonen,
1419 3619 1532 3720 ibique

497 3729 679 3802 refocillato
695 3730 866 3828 paululum
884 3732 1092 3828 corpusculo,

596 3893 636 3958 Er
642 3891 715 3982 sele
732 3893 864 3959 tolentes
881 3915 964 3960 artur
980 3895 1011 3960 irt
1030 3891 1133 3962 littore
1143 3918 1271 3986 ponens,

599 4002 659 4066 Per
676 3998 826 4068 maleum
848 3997 878 4066 ὃν
899 4001 1055 4089 Cytheram
1066 4001 1248 4092 sparsasque
1258 4025 1318 4095 per
1334 4024 1424 4091 equor

600 4104 758 4196 Cyclades,
777 4104 807 4173 ὃν
825 4108 936 4176 crebris
945 4109 1033 4196 fieret
1051 4113 1160 4203 confite
1178 4110 1278 4194 terris,

498 4262 572 4358 post
608 4264 748 4358 Rhodum
775 4264 810 4334 δε
838 4267 971 4356 lyciam,
1010 4261 1144 4334 tandem
1182 4261 1263 4336 vidit
1298 4269 1443 4362 Cyprum,
1477 4261 1533 4334 ubi

500 4367 599 4440 sancii
616 4372 650 4439 ἃ
667 4367 859 4442 venerabilis
879 4368 1047 4466 Epiphanij
1064 4365 1204 4466 pedibus
1221 4369 1398 4465 provoluta
1414 4367 1532 4440 decem
