3354 5706
460 537 511 590 uu
536 538 641 590 tocts
666 537 834 591 SANCTIS.
1100 537 1161 618 155

120 757 466 848 Hierosolymitanam
482 755 615 853 plebem
632 758 666 828 in
686 755 767 828 duas
790 756 931 828 dirimita
950 782 1072 854 partes,
1097 758 1164 829 hoc

118 863 167 932 est
185 861 301 934 fideles
319 861 469 934 credulos
487 889 604 936 contra
619 863 767 937 infideles
785 863 981 942 incredulos.

171 967 328 1041 Unde&
345 971 580 1042 Saracenorum
603 998 668 1062 rex,
686 973 822 1043 nomine
840 971 993 1061 Mavias,⁶
1010 967 1051 1042 ab
1075 970 1163 1041 utris·

120 1102 189 1171 que
207 1075 431 1172 interpellatus
444 1075 601 1174 partibus,
617 1076 660 1149 ad
675 1103 731 1149 eos
744 1077 932 1150 incredulos
945 1077 1072 1170 ludeos,
1090 1079 1163 1173 qui⁶

119 1181 292 1254 sudarium
315 1183 453 1255 Domini
483 1185 690 1279 pertinaciter
721 1182 939 1276 retinebant,d
951 1186 1035 1258 inter
1063 1184 1164 1256 utros·

120 1316 188 1385 que
212 1287 425 1381 diiudicans,‘
444 1289 539 1361 dixit:
564 1294 743 1382 «Sacrum,
766 1291 859 1387 quod
881 1290 1021 1380 habetis,
1046 1291 1162 1363 linteo·

122 1428 142 1484 <5
161 1397 239 1467 lum
255 1395 331 1468 date
347 1398 382 1468 in
400 1423 501 1468 manu
518 1423 601 1469 mea.
620 1431 637 1462 u
661 1399 731 1496 Qi
751 1401 835 1497 regis
852 1397 979 1472 verbof
991 1396 1163 1494 obtempe-

120 1527 245 1594 rantes,
265 1501 346 1573 illud
369 1502 411 1574 de
433 1503 551 1576 scrinio
568 1504 783 1602 proferentes,
805 1507 987 1604 regnatoris
1009 1507 1042 1577 in
1059 1503 1163 1576 smum

122 1609 312 1706 deponunt.
335 1609 441 1706 Qod
464 1635 541 1682 cum
562 1637 686 1709 magna
708 1613 886 1685 reverentia
907 1612 1091 1709 suscipiens,
1110 1637 1163 1682 rex

121 1719 157 1788 in
179 1716 303 1814 platea,
325 1741 439 1786 coram
461 1721 554 1790 omni
574 1718 714 1815 populo,
737 1745 859 1818 rogum
882 1717 952 1790 fieri
968 1717 1058 1790 iussit.
1081 1719 1163 1816 Quo

124 1825 230 1894 nimia
246 1820 508 1896 inflammatione
526 1823 672 1917 ardente,
694 1827 762 1922 ipse
781 1826 914 1924 surgens
934 1829 969 1898 ἃ
990 1824 1034 1897 ad
1056 1825 1163 1922 ipsum

123 1927 289 2001 accedens
315 1955 446 2027 rogum,
465 1931 590 2005 elevata
609 1958 692 2003 voce
708 1935 754 2004 ait
771 1932 813 2004 ad
830 1934 980 2030 utrasque
997 1931 1163 2003 discordes

124 2062 254 2134 partes:
287 2067 304 2100 e
329 2037 429 2108 Nunc
451 2039 607 2130 Christus,
638 2038 755 2111 mundi
781 2041 932 2132 salvator,
963 2037 1072 2138 passus
1102 2064 1163 2136 pro

127 2141 318 2214 «humano
345 2169 484 2241 genere,
507 2146 564 2241 qui
580 2144 657 2236 hoc,
681 2145 773 2241 quod
793 2172 881 2218 nunc
908 2149 940 2217 in
961 2145 1028 2218 srnu
1054 2169 1163 2235 tenet),

128 2247 334 2319 «sudarium
355 2251 388 2322 in
418 2251 566 2347 sepulcro
587 2252 681 2322 suum
702 2253 819 2348 supert
838 2277 939 2350 caput
962 2253 1029 2324 eius
1051 2249 1165 2324 habuit

129 2388 147 2420 ιι
166 2352 325 2452 positum,
342 2358 502 2431 intervos
520 2357 562 2429 de
581 2359 647 2430 hoc
665 2359 786 2431 eodem
803 2359 906 2433 linteo
928 2358 1165 2432 contendentes

129 2495 147 2528 a
170 2489 232 2561 per
248 2461 420 2534 flammam
437 2463 561 2536 iudicet
577 2467 672 2563 ignis,
690 2491 726 2537 ut
742 2466 857 2558 sciatis,
871 2469 923 2538 cui
940 2469 1024 2565 parti
1045 2465 1165 2538 horum

131 2567 318 2641 «duorum
338 2571 539 2642 exercituum
562 2572 845 2644 contentiosorum
865 2572 931 2644 hoc
953 2575 1017 2646 tale
1038 2571 1166 2644 donum

131 2709 147 2740 u
168 2675 365 2748 condonare
383 2675 580 2775 dignetur.»
602 2679 639 2749 Er
655 2679 717 2750 hec
742 2677 865 2772 dicens,
890 2682 1017 2752 sacrum
1030 2681 1168 2752 Domini

130 2785 296 2858 sudarium
320 2787 460 2883 proiecit
477 2789 512 2858 in
534 2783 696 2878 flammas,
720 2785 815 2882 quod
837 2787 929 2858 nullo
951 2786 1057 2859 modo
1082 2789 1168 2886 ignis

131 2918 267 2991 tangere
289 2895 407 2990 potuit,
431 2892 487 2964 sed
509 2895 676 2992 integrum
698 2897 733 2965 &
755 2895 923 2966 incolume
941 2893 982 2966 de
996 2920 1081 2992 rogo
1101 2895 1167 2965 sur·

131 3025 222 3097 gens,
240 2997 329 3096 quast
346 3002 413 3072 avis
431 2998 577 3098 expanfis
594 3001 663 3092 alis,
682 3003 771 3099 cepit
786 3003 821 3073 in
839 2998 976 3073 sublime
993 3001 1114 3090 volare,
1133 3005 1168 3073 &

131 3107 281 3202 utrasque
304 3105 488 3178 diffidentes
511 3131 628 3178 contra
649 3108 680 3178 se
704 3107 823 3204 pofitas
845 3133 953 3205 partes
976 3111 1011 3178 δε
1029 3106 1117 3204 quast
1133 3110 1168 3180 in

131 3216 304 3310 procinctu
329 3211 404 3285 belli
434 3215 598 3286 consertas
626 3217 711 3286 acies
738 3213 779 3286 de
800 3215 934 3286 summis
965 3216 1167 3312 prospiciens

133 3319 221 3412 duas,
243 3323 279 3394 in
296 3345 402 3392 vacuo
420 3348 494 3392 aere
511 3348 571 3419 per
587 3323 775 3418 aliquorum
791 3323 998 3396 intervallum
1016 3347 1167 3395 momen-

133 3452 241 3500 torum
278 3427 530 3520 circumvolans,
567 3427 708 3526 proinde
751 3431 914 3527 paulatim
955 3428 1168 3522 descendens,

132 3535 206 3606 Deo
242 3532 465 3634 gubernante,
498 3532 542 3605 ad
575 3559 703 3632 partem
738 3537 1000 3610 Christianorum
1038 3538 1168 3610 interim

134 3641 300 3713 Christum
320 3640 464 3712 iudicem
481 3645 687 3714 exorantium
708 3642 889 3736 declinans,
915 3646 948 3716 in
965 3671 1083 3717 eorum
1100 3643 1167 3716 stnu
1196 3708 1201 3716 .

135 3749 291 3822 consedit.
323 3750 392 3846 Ql
409 3751 484 3820 Deo
510 3751 641 3847 gratias,
666 3751 782 3824 levatis
803 3750 848 3824 ad
875 3753 982 3824 celum
1005 3750 1168 3842 manibus,

168 3930 190 3965 a
204 3913 242 3965 Al.
257 3912 359 3982 dimpit.
379 3941 410 3950 —
425 3912 448 3964 b.
466 3913 492 3963 t,
508 3910 621 3977 Mevius,
680 3916 730 3968 hoc
744 3915 814 3985 quod
834 3933 901 3968 nunc
918 3916 943 3967 in
960 3915 1012 3968 sinu
1028 3934 1087 3969 meo
1108 3933 1169 3968 con·

135 3992 167 4045 al.
184 3992 326 4060 Majuvias‚
341 3991 442 4045 Navius.
461 4022 495 4031 —
507 4009 528 4044 c.
545 3993 581 4058 V,
593 3995 620 4045 R.
680 3994 749 4047 tineo
758 3995 883 4047 sudarium
891 3994 916 4046 in
928 3995 1083 4066 sepulchrum
1099 3997 1168 4048 suum

137 4075 230 4126 addunt
250 4090 338 4126 coram
362 4071 514 4141 presentibus
538 4072 622 4124 ludeis
682 4074 817 4143 superdixit
833 4075 939 4141 sacrum,
950 4075 1080 4142 sedidem
1096 4077 1171 4129 iuxta

137 4152 278 4206 christianis.
300 4183 326 4192 -
341 4152 365 4204 d.
385 4153 410 4204 P.
429 4170 523 4218 12943,
535 4169 620 4205 coram
682 4152 743 4206 alios
755 4157 823 4207 codd.
836 4157 903 4207 modo
917 4154 996 4222 infra.
1008 4185 1040 4194 -
1054 4153 1070 4207 s.
1085 4155 1109 4207 L.
1123 4155 1170 4206 im·

139 4233 289 4300 presentibus
312 4231 396 4284 Iudeis
419 4231 568 4286 Christianis.
589 4263 621 4275 -
682 4233 760 4304 perio.
778 4265 814 4277 —
827 4252 853 4304 g.
867 4235 893 4287 L.
909 4234 949 4287 ad.

141 4329 160 4364 e.
172 4313 242 4366 Hanc
255 4330 342 4367 vocem
354 4312 381 4364 in
394 4315 443 4366 cod.
458 4314 485 4366 L.
495 4312 624 4383 sequitur:
