3296 5700
505 426 572 501 268
663 443 989 498 SANCTIMONIALIS
1012 443 1367 496 nnuonunemuusis

501 666 628 757 baldus,
652 666 736 736 stans
753 662 799 736 ibi
821 663 864 735 ad
886 661 1025 755 missam,
1050 665 1161 737 lumen
1178 667 1350 737 oculorum
1375 662 1491 735 amisit
1514 667 1556 734 ἃ

500 801 595 847 cecus
614 773 674 843 suit
692 773 776 844 duos
794 772 929 843 menses.
949 772 983 842 Et
1000 770 1076 843 inde
1094 771 1185 844 ibant
1199 772 1243 844 ad
1254 777 1390 865 fandum
1409 777 1555 841 Zacha-

498 888 576 951 riam
599 881 807 978 prophetam,
834 905 903 949 non
928 904 1055 977 patrem
1074 879 1235 968 iohannis,
1254 878 1430 950 sodalium
1460 905 1555 975 pro·

502 987 644 1082 phetam.
673 987 706 1058 Et
723 986 801 1058 inde
820 985 889 1058 ibat
905 986 948 1057 ad
966 988 1117 1079 castelium
1136 991 1297 1077 osseamia.
1324 982 1367 1054 lbi
1394 987 1554 1080 requies-

502 1111 602 1164 cuntss
619 1118 680 1164 tres
694 1094 884 1189 patriarche,
902 1091 1079 1186 Abraham,
1092 1094 1175 1164 isaac
1189 1095 1224 1163 δι
1238 1092 1346 1183 iacob,
1363 1118 1447 1163 cum
1463 1117 1557 1162 uxo-

504 1199 590 1272 ribus
609 1202 680 1271 suis.

553 1436 656 1506 XXV.
681 1439 851 1530 Ierusalem,
871 1438 1034 1530 Diospolis
1053 1433 1266 1534 (assensium
1286 1438 1497 1532 Georgium),

505 1546 624 1639 eccsefia
637 1547 742 1613 senui
752 1548 839 1613 Petri
853 1550 883 1612 in
897 1548 1000 1636 Ioppe,
1016 1571 1097 1613 mare
1110 1548 1284 1637 eJesagaum,
1300 1547 1408 1634 Tyrus,
1424 1546 1552 1629 Sidon,

554 1651 703 1744 Tripolis,
725 1653 850 1718 Libanus
863 1676 957 1734 mons,
973 1652 1153 1745 Damascus,
1175 1653 1302 1745 Cesarea
1318 1650 1470 1744 Philippi
1475 1647 1513 1717 ,ὃ

554 1834 588 1904 Et
599 1833 677 1904 inde
693 1833 781 1903 venit
793 1835 910 1904 iterum
923 1836 958 1903 in
968 1837 1139 1928 Ierusalem,
1160 1836 1362 1943 &introiens
1381 1835 1416 1904 in
1434 1835 1557 1904 eccle·

506 1939 595 2027 fiam,
615 1938 671 2010 ubi
687 1941 797 2011 sanein
815 1965 892 2010 crux
905 1941 1042 2011 Domini
1058 1943 1193 2012 inventa
1209 1941 1324 2032 suerat,
1345 1942 1455 2038 aperti
1474 1941 1557 2010 sunt

506 2047 595 2117 oculi
617 2048 683 2117 eius
701 2043 909 2116 &visionem
927 2048 1057 2142 recepit.
1080 2045 1114 2116 Et
1130 2043 1175 2116 ibi
1196 2046 1462 2140 aliquantulum‘
1480 2073 1557 2117 ma·

507 2180 598 2243 nens,
612 2150 768 2251 pergebat
777 2151 855 2223 inde
864 2155 898 2222 &
907 2150 1019 2224 venitd
1032 2154 1189 2224 inlocum
1202 2156 1381 2248 Diospolim
1395 2153 1441 2225 ad
1453 2156 1558 2224 sanc·

508 2287 576 2331 tum
600 2262 795 2357 Georgium.
819 2257 898 2330 Illud
916 2260 962 2330 est
983 2259 1101 2331 decem
1118 2260 1272 2331 milliariis
1294 2257 1336 2330 ab
1358 2262 1556 2333 lerus'alem

507 2366 540 2437 Et
558 2366 636 2437 inde
653 2369 741 2437 venit
759 2364 802 2436 ad
816 2366 913 2437 aliam
931 2366 1052 2438 villam.
1075 2365 1118 2437 lbi
1136 2367 1180 2438 est
1196 2368 1315 2461 ecclefia
1329 2371 1438 2437 sanese·
1460 2375 1556 2438 Petri

507 2473 657 2570 apostoli,
671 2477 706 2543 ἃ
722 2473 787 2543 illic
802 2473 962 2544 suscitavit
978 2472 1115 2546 viduam
1127 2475 1255 2544 sanstus
1265 2474 1380 2562 Petrus,
1401 2499 1473 2567 que
1493 2476 1556 2546 fua

507 2582 679 2651 nominata
706 2583 865 2652 Dorcas.e
888 2580 923 2652 Et
949 2578 994 2652 ibi
1019 2607 1127 2671 orans,
1149 2578 1310 2677 pergebat
1333 2583 1367 2650 &
1384 2583 1485 2651 venit
1513 2582 1557 2652 ad

507 2717 589 2758 mare
605 2683 816 2775 osdriaae‘cam,
835 2687 937 2784 longe
948 2685 996 2758 =ab
1014 2688 1194 2775 ierusalem,
1214 2686 1258 2758 ad
1270 2685 1363 2757 urbes
1381 2686 1505 2780 Tyrum
1520 2693 1556 2759 ἃ

507 2799 658 2866 Sidonem.
678 2796 738 2865 Sex
756 2794 902 2865 milliaria
915 2795 988 2865 sunt
1000 2797 1084 2865 inter
1096 2795 1164 2864 illas
1183 2793 1264 2864 duas
1281 2791 1386 2882 urbes,
1406 2798 1441 2866 &
1464 2798 1555 2866 stant

508 2905 541 2973 in
560 2902 667 2972 iittore
686 2901 791 2971 maris.
809 2899 844 2971 Et
862 2900 939 2972 inde
955 2903 1044 2973 venit
1060 2900 1101 2971 ad
1120 2899 1236 2972 urbem
1251 2899 1427 2996 Tripolimf
1439 2904 1483 2973 in
1503 2904 1556 2973 lit·

510 3034 581 3079 tore
595 3009 699 3078 maris,
718 3007 752 3076 Et
769 3006 846 3078 inde
858 3009 967 3105 pergit
980 3009 1072 3104 super
1085 3012 1225 3078 Libanum
1242 3034 1380 3096 montem,
1401 3012 1436 3080 &
1457 3013 1557 3081 venit

511 3117 545 3185 in
564 3118 780 3209 Damascum}
798 3112 831 3183 Et
849 3112 928 3184 inde
945 3116 1035 3185 venit
1051 3112 1094 3185 ad
1112 3117 1284 3209 Cesaream.

544 3353 659 3425 XXV1.
680 3354 849 3445 ierusalem,
869 3357 985 3447 Emesa,
1005 3357 1196 3441 sesamoide,
1216 3360 1268 3424 aba·
1283 3358 1335 3424 dia
1355 3357 1515 3443 infimus,

805 3468 912 3531 iterum
929 3464 1045 3554 Emesa,
1067 3465 1247 3555 Damascus.
1270 3462 1283 3505 ⁴

559 3646 594 3716 Et
611 3645 687 3717 inde
700 3647 789 3715 venit
806 3647 898 3716 tertia
909 3646 980 3716 vice
997 3643 1040 3715 ad
1052 3646 1225 3738 Ierusalem,
1245 3648 1279 3715 &
1296 3642 1339 3715 ibi
1359 3645 1418 3714 suit
1438 3669 1556 3718 totam

511 3754 664 3824 hiemem.
685 3753 720 3822 Et
736 3752 813 3823 inde
831 3755 938 3850 pergit
956 3753 1049 3849 super
1066 3777 1125 3823 ccc
1142 3751 1243 3823 millia
1261 3750 1304 3822 ad
1326 3750 1441 3823 urbem
1460 3761 1556 3824 Eme·

502 3862 593 3956 sams
609 3861 642 3930 in
660 3862 749 3951 Syria
768 3862 803 3929 &
815 3859 891 3930 inde
908 3861 998 3932 venit
1014 3858 1058 3930 ad
1076 3858 1189 3931 urbem
1204 3862 1406 3930 Salamaielaa.
1429 3860 1493 3933 [lla
1510 3863 1555 3932 est

532 4074 554 4107 a.
567 4059 603 4120 C„
614 4058 640 4106 R.
651 4054 812 4122 requiescent.
820 4085 855 4093 —
863 4055 887 4105 b.
902 4053 998 4106 meatus
1062 4057 1088 4107 C.
1099 4056 1222 4107 Dorchas.
1232 4086 1267 4094 -
1276 4055 1293 4106 s.
1302 4057 1340 4120 R„
1351 4056 1377 4106 C.
1385 4054 1512 4124 Tripoie.
1520 4087 1555 4095 -

514 4138 539 4188 d.
555 4135 580 4188 in
602 4139 639 4200 6.,
655 4137 680 4186 Ρ.
699 4165 734 4173 -
752 4152 773 4186 c.
791 4136 816 4186 C.
834 4133 998 4201 aliquantum.
1059 4151 1084 4204 g.
1100 4136 1127 4184 R.
1137 4136 1271 4187 Damasco.
1284 4164 1318 4172 —
1331 4135 1355 4186 h.
1371 4134 1471 4187 uenales
1487 4139 1516 4188 d.
1530 4137 1555 4189 in

515 4216 581 4270 -d.
594 4218 619 4268 C.
635 4226 764 4270 venerunt.
776 4244 811 4253 -
823 4232 845 4269 e.
856 4217 881 4264 κ.
897 4216 996 4285 Dorca;
1062 4216 1098 4282 C.,
1113 4216 1139 4271 1³.
1155 4244 1190 4254 —
1206 4216 1221 4271 i.
1234 4217 1261 4267 C.
1278 4214 1411 4271 Emesiem.
