<?xml version="1.0" encoding="UTF-8"?>
<!DOCTYPE html PUBLIC "-//W3C//DTD XHTML 1.0 Transitional//EN"
    "http://www.w3.org/TR/xhtml1/DTD/xhtml1-transitional.dtd">
<html xmlns="http://www.w3.org/1999/xhtml" xml:lang="en" lang="en">
 <head>
  <title>
</title>
<meta http-equiv="Content-Type" content="text/html;charset=utf-8" />
  <meta name='ocr-system' content='tesseract 3.04.00' />
  <meta name='ocr-capabilities' content='ocr_page ocr_carea ocr_par ocr_line ocrx_word'/>
</head>
<body>
  <div class='ocr_page' id='page_1' title='image "./itinerahierosol00berngoog_0101.png"; bbox 0 0 3390 5720; ppageno 0'>
   <div class='ocr_carea' id='block_1_1' title="bbox 491 475 1153 574">
    <p class='ocr_par' dir='ltr' id='par_1_1' title="bbox 491 475 1153 574">
     <span class='ocr_line' id='line_1_1' title="bbox 491 475 1153 574; baseline 0.014 -33"><span class='ocrx_word' id='word_1_1' title='bbox 491 475 538 574; x_wconf 79' lang='lat'><strong>36</strong></span> <span class='ocrx_word' id='word_1_2' title='bbox 856 493 1153 550; x_wconf 78' lang='lat' dir='ltr'><strong>rannorrrrarro</strong></span> 
     </span>
    </p>
   </div>
   <div class='ocr_carea' id='block_1_2' title="bbox 1320 617 1528 630">
    <p class='ocr_par' dir='ltr' id='par_1_2' title="bbox 1320 617 1528 630">
     <span class='ocr_line' id='line_1_2' title="bbox 1320 617 1528 630; baseline -0.01 0"><span class='ocrx_word' id='word_1_3' title='bbox 1320 617 1528 630; x_wconf 65' lang='lat' dir='ltr'><em>——n-</em></span> 
     </span>
    </p>
   </div>
   <div class='ocr_carea' id='block_1_3' title="bbox 284 712 1605 4227">
    <p class='ocr_par' dir='ltr' id='par_1_3' title="bbox 489 712 1539 1028">
     <span class='ocr_line' id='line_1_3' title="bbox 489 712 1537 816; baseline 0.002 -28"><span class='ocrx_word' id='word_1_4' title='bbox 489 712 659 788; x_wconf 88' lang='lat' dir='ltr'><strong>Abraham</strong></span> <span class='ocrx_word' id='word_1_5' title='bbox 675 715 861 786; x_wconf 89' lang='lat' dir='ltr'><strong>Dominum</strong></span> <span class='ocrx_word' id='word_1_6' title='bbox 878 715 1067 812; x_wconf 85' lang='lat' dir='ltr'><strong>prosecutus</strong></span> <span class='ocrx_word' id='word_1_7' title='bbox 1085 716 1138 788; x_wconf 78' lang='lat' dir='ltr'><strong>esl</strong></span> <span class='ocrx_word' id='word_1_8' title='bbox 1180 716 1278 792; x_wconf 91' lang='lat' dir='ltr'>Unde</span> <span class='ocrx_word' id='word_1_9' title='bbox 1296 718 1397 792; x_wconf 89' lang='lat' dir='ltr'><strong>latam</strong></span> <span class='ocrx_word' id='word_1_10' title='bbox 1412 716 1537 816; x_wconf 88' lang='lat' dir='ltr'><strong>despi-</strong></span> 
     </span>
     <span class='ocr_line' id='line_1_4' title="bbox 490 821 1539 918; baseline 0.004 -25"><span class='ocrx_word' id='word_1_11' title='bbox 490 825 579 894; x_wconf 89' lang='lat' dir='ltr'><strong>ciens</strong></span> <span class='ocrx_word' id='word_1_12' title='bbox 595 822 801 895; x_wconf 77' lang='lat' dir='ltr'>solitudinem</span> <span class='ocrx_word' id='word_1_13' title='bbox 826 849 867 894; x_wconf 88' lang='lat' dir='ltr'><strong>ac</strong></span> <span class='ocrx_word' id='word_1_14' title='bbox 894 846 1011 894; x_wconf 90' lang='lat' dir='ltr'><strong>terram</strong></span> <span class='ocrx_word' id='word_1_15' title='bbox 1028 821 1202 918; x_wconf 87' lang='lat' dir='ltr'><strong>quondam</strong></span> <span class='ocrx_word' id='word_1_16' title='bbox 1222 823 1369 898; x_wconf 86' lang='lat' dir='ltr'><strong>Sodome</strong></span> <span class='ocrx_word' id='word_1_17' title='bbox 1386 829 1420 898; x_wconf 89' lang='lat'>&amp;</span> <span class='ocrx_word' id='word_1_18' title='bbox 1445 830 1539 899; x_wconf 90' lang='lat' dir='ltr'><strong>Go-</strong></span> 
     </span>
     <span class='ocr_line' id='line_1_5' title="bbox 491 928 1539 1028; baseline 0.005 -27"><span class='ocrx_word' id='word_1_19' title='bbox 491 929 632 1022; x_wconf 87' lang='lat' dir='ltr'><strong>morrhe,</strong></span> <span class='ocrx_word' id='word_1_20' title='bbox 646 928 775 1002; x_wconf 79' lang='lat' dir='ltr'><strong>Adame</strong></span> <span class='ocrx_word' id='word_1_21' title='bbox 790 932 826 1001; x_wconf 88' lang='lat'>&amp;</span> <span class='ocrx_word' id='word_1_22' title='bbox 842 928 986 1018; x_wconf 89' lang='lat' dir='ltr'><strong>Seboim,</strong></span> <span class='ocrx_word' id='word_1_23' title='bbox 1002 931 1226 1028; x_wconf 87' lang='lat' dir='ltr'><strong>contemplata</strong></span> <span class='ocrx_word' id='word_1_24' title='bbox 1241 932 1286 1004; x_wconf 89' lang='lat' dir='ltr'><strong>est</strong></span> <span class='ocrx_word' id='word_1_25' title='bbox 1302 932 1433 1004; x_wconf 88' lang='lat' dir='ltr'><strong>hortum</strong></span> <span class='ocrx_word' id='word_1_26' title='bbox 1450 931 1539 1006; x_wconf 80' lang='lat' dir='ltr'><strong>bal-</strong></span> 
     </span>
    </p>

    <p class='ocr_par' dir='ltr' id='par_1_4' title="bbox 284 1037 1539 1878">
     <span class='ocr_line' id='line_1_6' title="bbox 284 1037 1538 1132; baseline 0.004 -26"><span class='ocrx_word' id='word_1_27' title='bbox 284 1052 476 1114; x_wconf 62' lang='lat' dir='ltr'><strong>rugaretsegor.</strong></span> <span class='ocrx_word' id='word_1_28' title='bbox 491 1038 571 1110; x_wconf 87' lang='lat' dir='ltr'><strong>sami</strong></span> <span class='ocrx_word' id='word_1_29' title='bbox 586 1039 621 1108; x_wconf 68' lang='grc' dir='ltr'><strong>ὅ(</strong></span> <span class='ocrx_word' id='word_1_30' title='bbox 638 1038 749 1109; x_wconf 88' lang='lat' dir='ltr'><strong>vineas</strong></span> <span class='ocrx_word' id='word_1_31' title='bbox 765 1040 921 1131; x_wconf 80' lang='lat' dir='ltr'><strong>Engaddi,</strong></span> <span class='ocrx_word' id='word_1_32' title='bbox 940 1038 976 1107; x_wconf 87' lang='lat'>&amp;</span> <span class='ocrx_word' id='word_1_33' title='bbox 992 1041 1090 1132; x_wconf 83' lang='lat' dir='ltr'><strong>Segor</strong></span> <span class='ocrx_word' id='word_1_34' title='bbox 1108 1037 1243 1109; x_wconf 89' lang='lat' dir='ltr'><strong>vitulam</strong></span> <span class='ocrx_word' id='word_1_35' title='bbox 1259 1063 1538 1132; x_wconf 82' lang='lat' dir='ltr'><strong>conternantem,</strong></span> 
     </span>
     <span class='ocr_line' id='line_1_7' title="bbox 491 1141 1536 1243; baseline 0.005 -28"><span class='ocrx_word' id='word_1_36' title='bbox 491 1169 556 1240; x_wconf 89' lang='lat' dir='ltr'><strong>que</strong></span> <span class='ocrx_word' id='word_1_37' title='bbox 571 1145 660 1242; x_wconf 88' lang='lat' dir='ltr'><strong>prius</strong></span> <span class='ocrx_word' id='word_1_38' title='bbox 676 1145 751 1217; x_wconf 79' lang='lat' dir='ltr'><strong>bala</strong></span> <span class='ocrx_word' id='word_1_39' title='bbox 764 1141 941 1218; x_wconf 88' lang='lat' dir='ltr'><strong>vocabatur</strong></span> <span class='ocrx_word' id='word_1_40' title='bbox 953 1146 989 1215; x_wconf 88' lang='lat'>&amp;</span> <span class='ocrx_word' id='word_1_41' title='bbox 1001 1145 1035 1215; x_wconf 92' lang='lat' dir='ltr'><strong>in</strong></span> <span class='ocrx_word' id='word_1_42' title='bbox 1049 1146 1207 1237; x_wconf 87' lang='lat' dir='ltr'><strong>Zoaram,</strong></span> <span class='ocrx_word' id='word_1_43' title='bbox 1219 1143 1255 1216; x_wconf 90' lang='lat' dir='ltr'><strong>id</strong></span> <span class='ocrx_word' id='word_1_44' title='bbox 1269 1146 1324 1236; x_wconf 85' lang='lat' dir='ltr'><strong>est,</strong></span> <span class='ocrx_word' id='word_1_45' title='bbox 1338 1147 1536 1243; x_wconf 80' lang='lat' dir='ltr'>parvulam,</span> 
     </span>
     <span class='ocr_line' id='line_1_8' title="bbox 491 1247 1535 1350; baseline 0.003 -28"><span class='ocrx_word' id='word_1_46' title='bbox 491 1252 564 1341; x_wconf 92' lang='lat' dir='ltr'><strong>syro</strong></span> <span class='ocrx_word' id='word_1_47' title='bbox 581 1250 731 1322; x_wconf 86' lang='lat' dir='ltr'><strong>sermone</strong></span> <span class='ocrx_word' id='word_1_48' title='bbox 748 1247 897 1323; x_wconf 88' lang='lat' dir='ltr'><strong>transsata</strong></span> <span class='ocrx_word' id='word_1_49' title='bbox 918 1250 971 1322; x_wconf 89' lang='lat' dir='ltr'><strong>est.</strong></span> <span class='ocrx_word' id='word_1_50' title='bbox 1005 1249 1250 1323; x_wconf 89' lang='lat' dir='ltr'><strong>Recordabatur</strong></span> <span class='ocrx_word' id='word_1_51' title='bbox 1269 1253 1418 1350; x_wconf 88' lang='lat' dir='ltr'><strong>spelunce</strong></span> <span class='ocrx_word' id='word_1_52' title='bbox 1433 1254 1535 1324; x_wconf 88' lang='lat' dir='ltr'>Loth</span> 
     </span>
     <span class='ocr_line' id='line_1_9' title="bbox 490 1357 1536 1456; baseline 0.002 -28"><span class='ocrx_word' id='word_1_53' title='bbox 490 1359 536 1448; x_wconf 71' lang='grc' dir='ltr'><strong>ἃ,</strong></span> <span class='ocrx_word' id='word_1_54' title='bbox 545 1357 634 1429; x_wconf 90' lang='lat' dir='ltr'><strong>versa</strong></span> <span class='ocrx_word' id='word_1_55' title='bbox 642 1359 677 1427; x_wconf 93' lang='lat' dir='ltr'><strong>in</strong></span> <span class='ocrx_word' id='word_1_56' title='bbox 685 1357 844 1446; x_wconf 86' lang='lat' dir='ltr'><strong>lacrimas,</strong></span> <span class='ocrx_word' id='word_1_57' title='bbox 854 1358 1107 1456; x_wconf 17' lang='lat' dir='ltr'><strong>virgineslsocias</strong></span> <span class='ocrx_word' id='word_1_58' title='bbox 1121 1357 1325 1431; x_wconf 88' lang='lat' dir='ltr'><strong>admonebat</strong></span> <span class='ocrx_word' id='word_1_59' title='bbox 1336 1357 1536 1432; x_wconf 85' lang='lat' dir='ltr'><strong>cavendum</strong></span> 
     </span>
     <span class='ocr_line' id='line_1_10' title="bbox 491 1463 1539 1563; baseline -0.002 -25"><span class='ocrx_word' id='word_1_60' title='bbox 491 1463 555 1538; x_wconf 93' lang='lat' dir='ltr'><strong>esse</strong></span> <span class='ocrx_word' id='word_1_61' title='bbox 574 1467 700 1557; x_wconf 90' lang='lat' dir='ltr'><strong>vinum,</strong></span> <span class='ocrx_word' id='word_1_62' title='bbox 716 1467 751 1537; x_wconf 93' lang='lat' dir='ltr'><strong>in</strong></span> <span class='ocrx_word' id='word_1_63' title='bbox 768 1491 837 1560; x_wconf 91' lang='lat' dir='ltr'><strong>quo</strong></span> <span class='ocrx_word' id='word_1_64' title='bbox 855 1465 899 1536; x_wconf 89' lang='lat' dir='ltr'><strong>est</strong></span> <span class='ocrx_word' id='word_1_65' title='bbox 918 1466 1061 1536; x_wconf 85' lang='lat' dir='ltr'><strong>luxuria:</strong></span> <span class='ocrx_word' id='word_1_66' title='bbox 1088 1467 1178 1536; x_wconf 89' lang='lat' dir='ltr'><strong>cuius</strong></span> <span class='ocrx_word' id='word_1_67' title='bbox 1196 1491 1280 1563; x_wconf 89' lang='lat' dir='ltr'><strong>opus</strong></span> <span class='ocrx_word' id='word_1_68' title='bbox 1294 1463 1436 1538; x_wconf 89' lang='lat' dir='ltr'><strong>Moabite</strong></span> <span class='ocrx_word' id='word_1_69' title='bbox 1450 1467 1539 1538; x_wconf 90' lang='lat' dir='ltr'><strong>sunt</strong></span> 
     </span>
     <span class='ocr_line' id='line_1_11' title="bbox 491 1569 1538 1668; baseline -0.002 -22"><span class='ocrx_word' id='word_1_70' title='bbox 491 1578 526 1646; x_wconf 74' lang='lat' dir='ltr'><strong>oc</strong></span> <span class='ocrx_word' id='word_1_71' title='bbox 539 1574 740 1644; x_wconf 83' lang='lat' dir='ltr'><strong>Ammonite.</strong></span> <span class='ocrx_word' id='word_1_72' title='bbox 766 1573 831 1643; x_wconf 91' lang='lat' dir='ltr'><strong>Diu</strong></span> <span class='ocrx_word' id='word_1_73' title='bbox 846 1596 927 1668; x_wconf 87' lang='lat' dir='ltr'><strong>ergo</strong></span> <span class='ocrx_word' id='word_1_74' title='bbox 940 1572 975 1641; x_wconf 92' lang='lat' dir='ltr'><strong>in</strong></span> <span class='ocrx_word' id='word_1_75' title='bbox 987 1569 1134 1661; x_wconf 89' lang='lat' dir='ltr'><strong>meridie,</strong></span> <span class='ocrx_word' id='word_1_76' title='bbox 1149 1570 1205 1644; x_wconf 91' lang='lat' dir='ltr'><strong>ubi</strong></span> <span class='ocrx_word' id='word_1_77' title='bbox 1217 1572 1335 1668; x_wconf 88' lang='lat' dir='ltr'><strong>sponsa</strong></span> <span class='ocrx_word' id='word_1_78' title='bbox 1346 1571 1538 1645; x_wconf 86' lang='lat' dir='ltr'><strong>cubantem</strong></span> 
     </span>
     <span class='ocr_line' id='line_1_12' title="bbox 491 1677 1537 1779; baseline -0.002 -27"><span class='ocrx_word' id='word_1_79' title='bbox 491 1681 608 1779; x_wconf 89' lang='lat' dir='ltr'><strong>reperit</strong></span> <span class='ocrx_word' id='word_1_80' title='bbox 631 1681 799 1779; x_wconf 91' lang='lat' dir='ltr'><strong>sponsum,</strong></span> <span class='ocrx_word' id='word_1_81' title='bbox 822 1679 988 1776; x_wconf 87' lang='lat' dir='ltr'><strong>&amp;loseph</strong></span> <span class='ocrx_word' id='word_1_82' title='bbox 1012 1677 1188 1750; x_wconf 89' lang='lat' dir='ltr'><strong>inebriatus</strong></span> <span class='ocrx_word' id='word_1_83' title='bbox 1213 1680 1258 1750; x_wconf 92' lang='lat' dir='ltr'><strong>est</strong></span> <span class='ocrx_word' id='word_1_84' title='bbox 1275 1703 1352 1750; x_wconf 90' lang='lat' dir='ltr'><strong>cum</strong></span> <span class='ocrx_word' id='word_1_85' title='bbox 1375 1677 1537 1752; x_wconf 85' lang='lat' dir='ltr'><strong>fratribus</strong></span> 
     </span>
     <span class='ocr_line' id='line_1_13' title="bbox 491 1786 807 1878; baseline -0.009 -19"><span class='ocrx_word' id='word_1_86' title='bbox 491 1788 564 1878; x_wconf 88' lang='lat' dir='ltr'><strong>suis,</strong></span> <span class='ocrx_word' id='word_1_87' title='bbox 584 1811 714 1858; x_wconf 88' lang='lat' dir='ltr'><strong>morata</strong></span> <span class='ocrx_word' id='word_1_88' title='bbox 732 1786 807 1858; x_wconf 59' lang='lat' dir='ltr'><strong>est!</strong></span> 
     </span>
    </p>

    <p class='ocr_par' dir='ltr' id='par_1_5' title="bbox 384 1890 1535 2628">
     <span class='ocr_line' id='line_1_14' title="bbox 384 1890 1535 1990; baseline -0.005 -20"><span class='ocrx_word' id='word_1_89' title='bbox 384 1940 432 1972; x_wconf 67' lang='grc' dir='ltr'><strong>ω..</strong></span> <span class='ocrx_word' id='word_1_90' title='bbox 541 1893 618 1964; x_wconf 90' lang='lat' dir='ltr'><strong>Xsll.</strong></span> <span class='ocrx_word' id='word_1_91' title='bbox 651 1896 803 1968; x_wconf 90' lang='lat' dir='ltr'><strong>Revertar</strong></span> <span class='ocrx_word' id='word_1_92' title='bbox 830 1890 1084 1981; x_wconf 86' lang='lat' dir='ltr'><strong>Hierosolyman</strong></span> <span class='ocrx_word' id='word_1_93' title='bbox 1110 1917 1170 1988; x_wconf 90' lang='lat' dir='ltr'><strong>per</strong></span> <span class='ocrx_word' id='word_1_94' title='bbox 1198 1893 1358 1980; x_wconf 76' lang='lat' dir='ltr'><strong>Thamara,</strong></span> <span class='ocrx_word' id='word_1_95' title='bbox 1383 1893 1535 1990; x_wconf 88' lang='lat' dir='ltr'><strong>patriam</strong></span> 
     </span>
     <span class='ocr_line' id='line_1_15' title="bbox 492 1996 1535 2094; baseline 0 -23"><span class='ocrx_word' id='word_1_96' title='bbox 492 2004 607 2089; x_wconf 78' lang='lat' dir='ltr'><strong>Amos,</strong></span> <span class='ocrx_word' id='word_1_97' title='bbox 628 2001 814 2072; x_wconf 81' lang='lat' dir='ltr'><strong>rutilantem</strong></span> <span class='ocrx_word' id='word_1_98' title='bbox 831 2005 941 2070; x_wconf 86' lang='lat' dir='ltr'><strong>monris</strong></span> <span class='ocrx_word' id='word_1_99' title='bbox 957 2000 1073 2068; x_wconf 81' lang='lat' dir='ltr'><strong>Oliverr‘</strong></span> <span class='ocrx_word' id='word_1_100' title='bbox 1088 1997 1198 2068; x_wconf 90' lang='lat' dir='ltr'><strong>lucem</strong></span> <span class='ocrx_word' id='word_1_101' title='bbox 1215 1997 1381 2093; x_wconf 85' lang='lat' dir='ltr'>aspiciam,</span> <span class='ocrx_word' id='word_1_102' title='bbox 1399 1996 1535 2094; x_wconf 92' lang='lat' dir='ltr'><strong>dequo</strong></span> 
     </span>
     <span class='ocr_line' id='line_1_16' title="bbox 492 2103 1535 2202; baseline 0 -26"><span class='ocrx_word' id='word_1_103' title='bbox 492 2107 631 2179; x_wconf 90' lang='lat' dir='ltr'><strong>salvator</strong></span> <span class='ocrx_word' id='word_1_104' title='bbox 647 2103 791 2178; x_wconf 90' lang='lat' dir='ltr'><strong>ascendit</strong></span> <span class='ocrx_word' id='word_1_105' title='bbox 810 2103 853 2176; x_wconf 91' lang='lat' dir='ltr'><strong>ad</strong></span> <span class='ocrx_word' id='word_1_106' title='bbox 872 2129 1021 2201; x_wconf 87' lang='lat' dir='ltr'><strong>patrem:</strong></span> <span class='ocrx_word' id='word_1_107' title='bbox 1040 2105 1074 2175; x_wconf 95' lang='lat' dir='ltr'><strong>in</strong></span> <span class='ocrx_word' id='word_1_108' title='bbox 1094 2129 1163 2199; x_wconf 92' lang='lat' dir='ltr'><strong>quo</strong></span> <span class='ocrx_word' id='word_1_109' title='bbox 1180 2128 1238 2199; x_wconf 91' lang='lat' dir='ltr'><strong>per</strong></span> <span class='ocrx_word' id='word_1_110' title='bbox 1254 2129 1359 2176; x_wconf 85' lang='lat' dir='ltr'><strong>annos</strong></span> <span class='ocrx_word' id='word_1_111' title='bbox 1382 2103 1535 2202; x_wconf 83' lang='lat' dir='ltr'><strong>singulos</strong></span> 
     </span>
     <span class='ocr_line' id='line_1_17' title="bbox 493 2209 1534 2301; baseline -0.002 -17"><span class='ocrx_word' id='word_1_112' title='bbox 493 2236 594 2284; x_wconf 90' lang='lat' dir='ltr'><strong>vacca</strong></span> <span class='ocrx_word' id='word_1_113' title='bbox 606 2213 678 2284; x_wconf 86' lang='lat' dir='ltr'><strong>rusa</strong></span> <span class='ocrx_word' id='word_1_114' title='bbox 692 2215 727 2284; x_wconf 92' lang='lat' dir='ltr'><strong>in</strong></span> <span class='ocrx_word' id='word_1_115' title='bbox 744 2210 972 2284; x_wconf 89' lang='lat' dir='ltr'><strong>holocaustum</strong></span> <span class='ocrx_word' id='word_1_116' title='bbox 985 2211 1135 2282; x_wconf 91' lang='lat' dir='ltr'><strong>Domino</strong></span> <span class='ocrx_word' id='word_1_117' title='bbox 1150 2209 1365 2301; x_wconf 83' lang='lat' dir='ltr'><strong>cremabatur,</strong></span> <span class='ocrx_word' id='word_1_118' title='bbox 1378 2212 1414 2281; x_wconf 88' lang='lat'>&amp;</span> <span class='ocrx_word' id='word_1_119' title='bbox 1431 2211 1534 2282; x_wconf 86' lang='lat' dir='ltr'><strong>cuius</strong></span> 
     </span>
     <span class='ocr_line' id='line_1_18' title="bbox 494 2315 1533 2417; baseline 0 -29"><span class='ocrx_word' id='word_1_120' title='bbox 494 2320 573 2389; x_wconf 90' lang='lat' dir='ltr'><strong>cinis</strong></span> <span class='ocrx_word' id='word_1_121' title='bbox 586 2318 738 2415; x_wconf 85' lang='lat' dir='ltr'><strong>expiabat</strong></span> <span class='ocrx_word' id='word_1_122' title='bbox 753 2319 917 2417; x_wconf 89' lang='lat' dir='ltr'><strong>populum</strong></span> <span class='ocrx_word' id='word_1_123' title='bbox 930 2317 1040 2390; x_wconf 71' lang='lat' dir='ltr'><strong>Israeli</strong></span> <span class='ocrx_word' id='word_1_124' title='bbox 1065 2318 1099 2390; x_wconf 88' lang='lat' dir='ltr'><strong>in</strong></span> <span class='ocrx_word' id='word_1_125' title='bbox 1116 2343 1197 2414; x_wconf 83' lang='lat' dir='ltr'><strong>qun,</strong></span> <span class='ocrx_word' id='word_1_126' title='bbox 1211 2319 1301 2390; x_wconf 84' lang='lat' dir='ltr'><strong>iuxta</strong></span> <span class='ocrx_word' id='word_1_127' title='bbox 1314 2315 1533 2408; x_wconf 75' lang='lat' dir='ltr'><strong>Ezechielem,</strong></span> 
     </span>
     <span class='ocr_line' id='line_1_19' title="bbox 493 2421 1534 2521; baseline -0.004 -23"><span class='ocrx_word' id='word_1_128' title='bbox 493 2423 675 2498; x_wconf 89' lang='lat' dir='ltr'><strong>Cherubim</strong></span> <span class='ocrx_word' id='word_1_129' title='bbox 697 2424 739 2497; x_wconf 91' lang='lat' dir='ltr'><strong>de</strong></span> <span class='ocrx_word' id='word_1_130' title='bbox 761 2423 886 2520; x_wconf 90' lang='lat' dir='ltr'><strong>templo</strong></span> <span class='ocrx_word' id='word_1_131' title='bbox 907 2425 1169 2521; x_wconf 84' lang='lat' dir='ltr'><strong>transmigrantes</strong></span> <span class='ocrx_word' id='word_1_132' title='bbox 1195 2421 1363 2495; x_wconf 79' lang='lat' dir='ltr'><strong>ecclesiam</strong></span> <span class='ocrx_word' id='word_1_133' title='bbox 1386 2423 1534 2494; x_wconf 85' lang='lat' dir='ltr'><strong>Domini</strong></span> 
     </span>
     <span class='ocr_line' id='line_1_20' title="bbox 495 2529 1531 2628; baseline -0.002 -26"><span class='ocrx_word' id='word_1_134' title='bbox 495 2531 721 2604; x_wconf 90' lang='lat' dir='ltr'><strong>fundaverunt.</strong></span> <span class='ocrx_word' id='word_1_135' title='bbox 752 2530 822 2602; x_wconf 89' lang='lat' dir='ltr'><strong>Post</strong></span> <span class='ocrx_word' id='word_1_136' title='bbox 849 2529 989 2628; x_wconf 88' lang='lat' dir='ltr'><strong>ingressa</strong></span> <span class='ocrx_word' id='word_1_137' title='bbox 1008 2532 1182 2626; x_wconf 81' lang='lat' dir='ltr'><strong>sepulcrum</strong></span> <span class='ocrx_word' id='word_1_138' title='bbox 1214 2535 1330 2624; x_wconf 60' lang='lat' dir='ltr'><strong>letari,</strong></span> <span class='ocrx_word' id='word_1_139' title='bbox 1360 2531 1461 2602; x_wconf 86' lang='lat' dir='ltr'><strong>Marie</strong></span> <span class='ocrx_word' id='word_1_140' title='bbox 1489 2533 1531 2600; x_wconf 89' lang='lat'>&amp;</span> 
     </span>
    </p>

    <p class='ocr_par' dir='ltr' id='par_1_6' title="bbox 382 2621 1534 3056">
     <span class='ocr_line' id='line_1_21' title="bbox 382 2621 1534 2735; baseline -0.006 -20"><span class='ocrx_word' id='word_1_141' title='bbox 382 2621 419 2715; x_wconf 61' lang='lat'><strong>¹¹}</strong></span> <span class='ocrx_word' id='word_1_142' title='bbox 433 2682 454 2714; x_wconf 74' lang='lat' dir='ltr'><strong>e.</strong></span> <span class='ocrx_word' id='word_1_143' title='bbox 493 2638 619 2710; x_wconf 89' lang='lat' dir='ltr'><strong>Marthe</strong></span> <span class='ocrx_word' id='word_1_144' title='bbox 636 2637 717 2711; x_wconf 92' lang='lat' dir='ltr'><strong>vidit</strong></span> <span class='ocrx_word' id='word_1_145' title='bbox 734 2637 923 2735; x_wconf 86' lang='lat' dir='ltr'><strong>hospitium,</strong></span> <span class='ocrx_word' id='word_1_146' title='bbox 945 2641 980 2708; x_wconf 77' lang='grc' dir='ltr'>ἅ</span> <span class='ocrx_word' id='word_1_147' title='bbox 998 2643 1187 2732; x_wconf 64' lang='lat' dir='ltr'><strong>bethphage,</strong></span> <span class='ocrx_word' id='word_1_148' title='bbox 1209 2636 1323 2708; x_wconf 88' lang='lat' dir='ltr'><strong>villam</strong></span> <span class='ocrx_word' id='word_1_149' title='bbox 1344 2636 1534 2708; x_wconf 89' lang='lat' dir='ltr'><strong>sacerdota-</strong></span> 
     </span>
     <span class='ocr_line' id='line_1_22' title="bbox 494 2743 1532 2842; baseline -0.002 -26"><span class='ocrx_word' id='word_1_150' title='bbox 494 2745 575 2816; x_wconf 85' lang='lat' dir='ltr'><strong>lium</strong></span> <span class='ocrx_word' id='word_1_151' title='bbox 591 2745 806 2832; x_wconf 86' lang='lat' dir='ltr'><strong>maxillarum,</strong></span> <span class='ocrx_word' id='word_1_152' title='bbox 820 2746 855 2815; x_wconf 71' lang='grc' dir='ltr'>ἃ</span> <span class='ocrx_word' id='word_1_153' title='bbox 871 2744 995 2836; x_wconf 92' lang='lat' dir='ltr'><strong>locum,</strong></span> <span class='ocrx_word' id='word_1_154' title='bbox 1011 2744 1046 2814; x_wconf 94' lang='lat' dir='ltr'><strong>in</strong></span> <span class='ocrx_word' id='word_1_155' title='bbox 1064 2769 1132 2839; x_wconf 93' lang='lat' dir='ltr'><strong>quo</strong></span> <span class='ocrx_word' id='word_1_156' title='bbox 1145 2744 1252 2840; x_wconf 89' lang='lat' dir='ltr'><strong>pullus</strong></span> <span class='ocrx_word' id='word_1_157' title='bbox 1266 2743 1433 2832; x_wconf 78' lang='lat' dir='ltr'><strong>lasciviens</strong></span> <span class='ocrx_word' id='word_1_158' title='bbox 1444 2769 1532 2842; x_wconf 88' lang='lat' dir='ltr'><strong>gen-</strong></span> 
     </span>
     <span class='ocr_line' id='line_1_23' title="bbox 495 2849 1533 2948; baseline 0 -26"><span class='ocrx_word' id='word_1_159' title='bbox 495 2852 576 2924; x_wconf 91' lang='lat' dir='ltr'><strong>tium</strong></span> <span class='ocrx_word' id='word_1_160' title='bbox 595 2852 659 2924; x_wconf 89' lang='lat' dir='ltr'><strong>Dei</strong></span> <span class='ocrx_word' id='word_1_161' title='bbox 681 2853 772 2924; x_wconf 90' lang='lat' dir='ltr'><strong>srena</strong></span> <span class='ocrx_word' id='word_1_162' title='bbox 790 2852 928 2948; x_wconf 89' lang='lat' dir='ltr'><strong>suscepit</strong></span> <span class='ocrx_word' id='word_1_163' title='bbox 944 2851 1237 2948; x_wconf 88' lang='lat' dir='ltr'><strong>apostolorumque</strong></span> <span class='ocrx_word' id='word_1_164' title='bbox 1259 2850 1371 2922; x_wconf 87' lang='lat' dir='ltr'><strong>stratus</strong></span> <span class='ocrx_word' id='word_1_165' title='bbox 1389 2849 1533 2925; x_wconf 88' lang='lat' dir='ltr'><strong>vestibus</strong></span> 
     </span>
     <span class='ocr_line' id='line_1_24' title="bbox 495 2956 1139 3056; baseline -0.003 -24"><span class='ocrx_word' id='word_1_166' title='bbox 495 2959 607 3032; x_wconf 85' lang='lat' dir='ltr'><strong>mollia</strong></span> <span class='ocrx_word' id='word_1_167' title='bbox 624 2983 716 3056; x_wconf 84' lang='lat' dir='ltr'><strong>terga</strong></span> <span class='ocrx_word' id='word_1_168' title='bbox 743 2956 870 3053; x_wconf 90' lang='lat' dir='ltr'><strong>prebuit</strong></span> <span class='ocrx_word' id='word_1_169' title='bbox 887 2956 930 3030; x_wconf 92' lang='lat' dir='ltr'><strong>ad</strong></span> <span class='ocrx_word' id='word_1_170' title='bbox 946 2956 1139 3031; x_wconf 88' lang='lat' dir='ltr'><strong>sedendum.</strong></span> 
     </span>
    </p>

    <p class='ocr_par' dir='ltr' id='par_1_7' title="bbox 495 3061 1529 3481">
     <span class='ocr_line' id='line_1_25' title="bbox 542 3061 1529 3160; baseline -0.006 -22"><span class='ocrx_word' id='word_1_171' title='bbox 542 3065 627 3138; x_wconf 89' lang='lat' dir='ltr'>XIV.</span> <span class='ocrx_word' id='word_1_172' title='bbox 653 3066 821 3158; x_wconf 75' lang='lat' dir='ltr'><strong>Recloque</strong></span> <span class='ocrx_word' id='word_1_173' title='bbox 833 3064 947 3136; x_wconf 91' lang='lat' dir='ltr'><strong>itinere</strong></span> <span class='ocrx_word' id='word_1_174' title='bbox 961 3061 1179 3138; x_wconf 88' lang='lat' dir='ltr'><strong>descendebat</strong></span> <span class='ocrx_word' id='word_1_175' title='bbox 1190 3065 1325 3155; x_wconf 76' lang='lat' dir='ltr'><strong>iericho,</strong></span> <span class='ocrx_word' id='word_1_176' title='bbox 1340 3064 1529 3160; x_wconf 86' lang='lat' dir='ltr'><strong>recogitans</strong></span> 
     </span>
     <span class='ocr_line' id='line_1_26' title="bbox 495 3169 1528 3271; baseline -0.003 -28"><span class='ocrx_word' id='word_1_177' title='bbox 495 3171 587 3244; x_wconf 93' lang='lat' dir='ltr'><strong>illum</strong></span> <span class='ocrx_word' id='word_1_178' title='bbox 606 3172 648 3246; x_wconf 92' lang='lat' dir='ltr'><strong>de</strong></span> <span class='ocrx_word' id='word_1_179' title='bbox 665 3172 839 3271; x_wconf 79' lang='lat' dir='ltr'><strong>Evangelio</strong></span> <span class='ocrx_word' id='word_1_180' title='bbox 852 3171 1057 3244; x_wconf 91' lang='lat' dir='ltr'><strong>vulneratum</strong></span> <span class='ocrx_word' id='word_1_181' title='bbox 1069 3197 1119 3263; x_wconf 90' lang='lat' dir='ltr'><strong>ac,</strong></span> <span class='ocrx_word' id='word_1_182' title='bbox 1134 3169 1352 3244; x_wconf 88' lang='lat' dir='ltr'><strong>sacerdotibus</strong></span> <span class='ocrx_word' id='word_1_183' title='bbox 1368 3173 1404 3242; x_wconf 88' lang='lat'>&amp;</span> <span class='ocrx_word' id='word_1_184' title='bbox 1419 3169 1528 3242; x_wconf 89' lang='lat' dir='ltr'><strong>levitis</strong></span> 
     </span>
     <span class='ocr_line' id='line_1_27' title="bbox 496 3276 1528 3375; baseline -0.003 -23"><span class='ocrx_word' id='word_1_185' title='bbox 496 3281 614 3352; x_wconf 89' lang='lat' dir='ltr'><strong>mentis</strong></span> <span class='ocrx_word' id='word_1_186' title='bbox 633 3280 758 3352; x_wconf 85' lang='lat' dir='ltr'><strong>feritate</strong></span> <span class='ocrx_word' id='word_1_187' title='bbox 781 3276 1049 3375; x_wconf 87' lang='lat' dir='ltr'><strong>pretereuntibus,</strong></span> <span class='ocrx_word' id='word_1_188' title='bbox 1071 3277 1280 3350; x_wconf 88' lang='lat' dir='ltr'><strong>clementiam</strong></span> <span class='ocrx_word' id='word_1_189' title='bbox 1299 3279 1466 3368; x_wconf 88' lang='lat' dir='ltr'><strong>Samarite,</strong></span> <span class='ocrx_word' id='word_1_190' title='bbox 1493 3277 1528 3349; x_wconf 90' lang='lat' dir='ltr'><strong>id</strong></span> 
     </span>
     <span class='ocr_line' id='line_1_28' title="bbox 497 3381 1527 3481; baseline 0 -25"><span class='ocrx_word' id='word_1_191' title='bbox 497 3385 552 3476; x_wconf 91' lang='lat' dir='ltr'><strong>est,</strong></span> <span class='ocrx_word' id='word_1_192' title='bbox 570 3384 719 3478; x_wconf 90' lang='lat' dir='ltr'><strong>custodis,</strong></span> <span class='ocrx_word' id='word_1_193' title='bbox 739 3386 794 3480; x_wconf 93' lang='lat' dir='ltr'><strong>qui</strong></span> <span class='ocrx_word' id='word_1_194' title='bbox 810 3385 1007 3456; x_wconf 90' lang='lat' dir='ltr'><strong>seminecem</strong></span> <span class='ocrx_word' id='word_1_195' title='bbox 1024 3383 1082 3454; x_wconf 94' lang='lat' dir='ltr'><strong>suo</strong></span> <span class='ocrx_word' id='word_1_196' title='bbox 1107 3385 1256 3455; x_wconf 90' lang='lat' dir='ltr'><strong>iumento</strong></span> <span class='ocrx_word' id='word_1_197' title='bbox 1273 3381 1463 3481; x_wconf 83' lang='lat' dir='ltr'><strong>impositum</strong></span> <span class='ocrx_word' id='word_1_198' title='bbox 1483 3384 1527 3456; x_wconf 91' lang='lat' dir='ltr'><strong>ad</strong></span> 
     </span>
    </p>

    <p class='ocr_par' dir='ltr' id='par_1_8' title="bbox 381 3487 1605 4227">
     <span class='ocr_line' id='line_1_29' title="bbox 381 3487 1527 3587; baseline -0.003 -23"><span class='ocrx_word' id='word_1_199' title='bbox 381 3504 462 3553; x_wconf 77' lang='lat' dir='ltr'><strong>0mtm.</strong></span> <span class='ocrx_word' id='word_1_200' title='bbox 497 3489 656 3564; x_wconf 85' lang='lat' dir='ltr'><strong>stabulum</strong></span> <span class='ocrx_word' id='word_1_201' title='bbox 680 3488 810 3562; x_wconf 78' lang='lat' dir='ltr'><strong>ecclesie</strong></span> <span class='ocrx_word' id='word_1_202' title='bbox 832 3488 1036 3587; x_wconf 87' lang='lat' dir='ltr'><strong>deportavit:</strong></span> <span class='ocrx_word' id='word_1_203' title='bbox 1062 3491 1097 3558; x_wconf 71' lang='grc' dir='ltr'><strong>δε</strong></span> <span class='ocrx_word' id='word_1_204' title='bbox 1116 3487 1230 3558; x_wconf 91' lang='lat' dir='ltr'><strong>locum</strong></span> <span class='ocrx_word' id='word_1_205' title='bbox 1246 3492 1403 3576; x_wconf 68' lang='lat' dir='ltr'><strong>aldomin,</strong></span> <span class='ocrx_word' id='word_1_206' title='bbox 1432 3489 1527 3584; x_wconf 92' lang='lat' dir='ltr'><strong>quod</strong></span> 
     </span>
     <span class='ocr_line' id='line_1_30' title="bbox 497 3592 1605 3694; baseline -0.002 -25"><span class='ocrx_word' id='word_1_207' title='bbox 497 3601 722 3694; x_wconf 88' lang='lat' dir='ltr'><strong>interpretatur</strong></span> <span class='ocrx_word' id='word_1_208' title='bbox 739 3596 945 3692; x_wconf 85' lang='lat' dir='ltr'><strong>sanguinum,</strong></span> <span class='ocrx_word' id='word_1_209' title='bbox 970 3596 1048 3691; x_wconf 87' lang='lat' dir='ltr'><strong>quia</strong></span> <span class='ocrx_word' id='word_1_210' title='bbox 1065 3593 1185 3666; x_wconf 89' lang='lat' dir='ltr'><strong>multus</strong></span> <span class='ocrx_word' id='word_1_211' title='bbox 1203 3596 1239 3666; x_wconf 90' lang='lat' dir='ltr'><strong>in</strong></span> <span class='ocrx_word' id='word_1_212' title='bbox 1258 3620 1298 3667; x_wconf 93' lang='lat' dir='ltr'><strong>eo</strong></span> <span class='ocrx_word' id='word_1_213' title='bbox 1312 3595 1442 3693; x_wconf 86' lang='lat' dir='ltr'><strong>sanguis</strong></span> <span class='ocrx_word' id='word_1_214' title='bbox 1461 3621 1527 3668; x_wconf 91' lang='lat' dir='ltr'><strong>cre·</strong></span> <span class='ocrx_word' id='word_1_215' title='bbox 1601 3592 1605 3600; x_wconf 74' lang='grc'>’</span> 
     </span>
     <span class='ocr_line' id='line_1_31' title="bbox 497 3698 1527 3794; baseline -0.002 -18"><span class='ocrx_word' id='word_1_216' title='bbox 497 3702 561 3776; x_wconf 89' lang='lat' dir='ltr'><strong>bris</strong></span> <span class='ocrx_word' id='word_1_217' title='bbox 577 3702 741 3774; x_wconf 87' lang='lat' dir='ltr'><strong>latronum</strong></span> <span class='ocrx_word' id='word_1_218' title='bbox 761 3699 957 3772; x_wconf 87' lang='lat' dir='ltr'><strong>fundebatur</strong></span> <span class='ocrx_word' id='word_1_219' title='bbox 979 3698 1170 3773; x_wconf 78' lang='lat' dir='ltr'><strong>incursibus:</strong></span> <span class='ocrx_word' id='word_1_220' title='bbox 1196 3703 1231 3772; x_wconf 71' lang='grc' dir='ltr'>ἃ</span> <span class='ocrx_word' id='word_1_221' title='bbox 1258 3700 1410 3774; x_wconf 87' lang='lat' dir='ltr'><strong>arborem</strong></span> <span class='ocrx_word' id='word_1_222' title='bbox 1432 3702 1527 3794; x_wconf 90' lang='lat' dir='ltr'><strong>syco-</strong></span> 
     </span>
     <span class='ocr_line' id='line_1_32' title="bbox 498 3805 1528 3907; baseline -0.003 -25"><span class='ocrx_word' id='word_1_223' title='bbox 498 3835 629 3882; x_wconf 91' lang='lat' dir='ltr'><strong>morum</strong></span> <span class='ocrx_word' id='word_1_224' title='bbox 652 3807 786 3900; x_wconf 90' lang='lat' dir='ltr'><strong>Zachei,</strong></span> <span class='ocrx_word' id='word_1_225' title='bbox 810 3807 846 3879; x_wconf 92' lang='lat' dir='ltr'><strong>id</strong></span> <span class='ocrx_word' id='word_1_226' title='bbox 870 3809 924 3898; x_wconf 89' lang='lat' dir='ltr'><strong>est,</strong></span> <span class='ocrx_word' id='word_1_227' title='bbox 952 3805 1043 3880; x_wconf 90' lang='lat' dir='ltr'><strong>bona</strong></span> <span class='ocrx_word' id='word_1_228' title='bbox 1067 3810 1245 3906; x_wconf 89' lang='lat' dir='ltr'><strong>penitentie</strong></span> <span class='ocrx_word' id='word_1_229' title='bbox 1266 3834 1378 3907; x_wconf 89' lang='lat' dir='ltr'><strong>opera,</strong></span> <span class='ocrx_word' id='word_1_230' title='bbox 1409 3807 1528 3906; x_wconf 88' lang='lat' dir='ltr'><strong>quibus</strong></span> 
     </span>
     <span class='ocr_line' id='line_1_33' title="bbox 498 3913 1527 4013; baseline 0.001 -27"><span class='ocrx_word' id='word_1_231' title='bbox 498 3939 630 3988; x_wconf 86' lang='lat' dir='ltr'><strong>cruenta</strong></span> <span class='ocrx_word' id='word_1_232' title='bbox 638 3913 915 3988; x_wconf 82' lang='lat' dir='ltr'><strong>dudum&amp;noxia</strong></span> <span class='ocrx_word' id='word_1_233' title='bbox 924 3917 1043 4013; x_wconf 83' lang='lat' dir='ltr'><strong>rapinis</strong></span> <span class='ocrx_word' id='word_1_234' title='bbox 1052 3914 1342 4012; x_wconf 86' lang='lat' dir='ltr'><strong>peccatacalcabat</strong></span> <span class='ocrx_word' id='word_1_235' title='bbox 1350 3916 1527 3988; x_wconf 86' lang='lat' dir='ltr'><strong>excelsum·</strong></span> 
     </span>
     <span class='ocr_line' id='line_1_34' title="bbox 499 4019 1527 4117; baseline 0.004 -25"><span class='ocrx_word' id='word_1_236' title='bbox 499 4047 562 4117; x_wconf 91' lang='lat' dir='ltr'><strong>que</strong></span> <span class='ocrx_word' id='word_1_237' title='bbox 580 4022 766 4094; x_wconf 90' lang='lat' dir='ltr'><strong>Dominum</strong></span> <span class='ocrx_word' id='word_1_238' title='bbox 784 4021 827 4095; x_wconf 90' lang='lat' dir='ltr'><strong>de</strong></span> <span class='ocrx_word' id='word_1_239' title='bbox 843 4023 969 4096; x_wconf 85' lang='lat' dir='ltr'><strong>excelso</strong></span> <span class='ocrx_word' id='word_1_240' title='bbox 986 4023 1141 4095; x_wconf 90' lang='lat' dir='ltr'><strong>virtutum</strong></span> <span class='ocrx_word' id='word_1_241' title='bbox 1158 4019 1362 4094; x_wconf 84' lang='lat' dir='ltr'><strong>intuebatur:</strong></span> <span class='ocrx_word' id='word_1_242' title='bbox 1386 4024 1527 4096; x_wconf 85' lang='lat' dir='ltr'><strong>&amp;iuxta</strong></span> 
     </span>
     <span class='ocr_line' id='line_1_35' title="bbox 498 4126 1526 4227; baseline 0.002 -27"><span class='ocrx_word' id='word_1_243' title='bbox 498 4128 587 4200; x_wconf 84' lang='lat' dir='ltr'><strong>viam</strong></span> <span class='ocrx_word' id='word_1_244' title='bbox 616 4153 770 4202; x_wconf 91' lang='lat' dir='ltr'><strong>cecorum</strong></span> <span class='ocrx_word' id='word_1_245' title='bbox 791 4131 876 4223; x_wconf 86' lang='lat' dir='ltr'><strong>loca,</strong></span> <span class='ocrx_word' id='word_1_246' title='bbox 903 4130 971 4226; x_wconf 90' lang='lat' dir='ltr'><strong>qui,</strong></span> <span class='ocrx_word' id='word_1_247' title='bbox 995 4130 1132 4226; x_wconf 84' lang='lat' dir='ltr'><strong>receptis</strong></span> <span class='ocrx_word' id='word_1_248' title='bbox 1150 4126 1338 4222; x_wconf 85' lang='lat' dir='ltr'><strong>luminibus,</strong></span> <span class='ocrx_word' id='word_1_249' title='bbox 1360 4131 1526 4227; x_wconf 88' lang='lat' dir='ltr'><strong>utriusque</strong></span> 
     </span>
    </p>
   </div>
   <div class='ocr_carea' id='block_1_4' title="bbox 534 4373 983 4428">
    <p class='ocr_par' dir='ltr' id='par_1_9' title="bbox 534 4373 983 4428">
     <span class='ocr_line' id='line_1_36' title="bbox 534 4373 983 4428; baseline -0.004 -2"><span class='ocrx_word' id='word_1_250' title='bbox 534 4391 560 4426; x_wconf 82' lang='lat' dir='ltr'><strong>a.</strong></span> <span class='ocrx_word' id='word_1_251' title='bbox 577 4376 607 4427; x_wconf 92' lang='lat' dir='ltr'><strong>In</strong></span> <span class='ocrx_word' id='word_1_252' title='bbox 620 4373 658 4427; x_wconf 84' lang='lat' dir='ltr'><strong>ed.</strong></span> <span class='ocrx_word' id='word_1_253' title='bbox 671 4391 734 4427; x_wconf 88' lang='lat' dir='ltr'><strong>mor.</strong></span> <span class='ocrx_word' id='word_1_254' title='bbox 748 4391 770 4428; x_wconf 82' lang='lat' dir='ltr'><strong>e.</strong></span> <span class='ocrx_word' id='word_1_255' title='bbox 783 4391 835 4426; x_wconf 88' lang='lat' dir='ltr'><strong>orn.</strong></span> <span class='ocrx_word' id='word_1_256' title='bbox 979 4415 983 4424; x_wconf 94' lang='lat'>.</span> 
     </span>
    </p>
   </div>
   <div class='ocr_carea' id='block_1_5' title="bbox 0 0 1710 5720">
    <p class='ocr_par' dir='ltr' id='par_1_10' title="bbox 0 0 1710 5720">
     <span class='ocr_line' id='line_1_37' title="bbox 0 0 1710 5720; baseline 0 0"><span class='ocrx_word' id='word_1_257' title='bbox 0 0 1710 5720; x_wconf 95' lang='lat' dir='ltr'><strong> </strong></span> 
     </span>
    </p>
   </div>
  </div>
 </body>
</html>
