3354 5706
417 551 468 604 na
493 547 597 601 uocis
622 548 789 602 sauctus.
1056 557 1124 632 ¹97

86 773 188 869 usque
205 773 244 844 in
261 770 457 844 hodiernum
474 769 564 841 diem
580 766 697 840 eadem
710 767 759 840 bis
779 771 958 865 quinorum
975 772 1042 841 eius
1059 771 1127 842 ves-

86 879 166 975 tigia
183 877 368 977 digitorum
386 899 547 974 apparent
568 875 669 971 usque
685 875 729 947 ad
746 875 869 949 radices
887 879 919 948 in
943 901 1128 948 marmorea

87 985 286 1057 insertorum
315 984 492 1104 columna,
508 985 543 1053 in
569 1007 711 1079 quorum
733 983 810 1054 loco
832 985 958 1056 landus
976 984 1127 1056 Arculfus

87 1091 160 1162 suos
183 1090 293 1164 denos
309 1091 518 1188 proptiosm
483 1090 614 1160 tnseruit
631 1089 804 1188 digitos,
782 1088 804 1160 s
804 1091 922 1162 mtltter
944 1089 987 1162 ad
1004 1089 1128 1162 radices

89 1197 235 1317 usque
225 1223 392 1270 intrantes
428 1194 574 1268 Eiusdem
607 1221 741 1292 quoque
774 1198 967 1268 homunculi
999 1197 1128 1294 sanguis

89 1307 174 1399 equi,
203 1306 297 1376 cuius
318 1329 403 1376 coxa
422 1306 457 1374 in
479 1304 673 1400 pavimento
691 1303 812 1374 mortui
835 1301 1004 1375 cadentis
995 1330 1029 1374 tn
1048 1301 1129 1374 duas

88 1411 261 1484 confracta
278 1412 323 1483 est
338 1435 458 1508 partes,
479 1411 570 1482 nullo
588 1409 694 1481 modo
711 1407 798 1481 ablui
815 1435 872 1482 aut
889 1408 989 1483 deleri
1005 1413 1128 1507 potuit,
1166 1449 1170 1457 ·

89 1517 142 1588 sed
157 1516 343 1590 indelebilis
362 1518 601 1614 inpavlmento
619 1515 738 1588 domus
753 1517 853 1613 usque
867 1517 912 1589 ad
929 1517 1036 1589 nostra
1055 1541 1129 1613 pet·

91 1649 204 1696 manet
222 1649 377 1722 tempora
392 1622 483 1696 idem
500 1626 635 1720 equinus
653 1649 758 1694 cruor.

137 1731 251 1802 Aliam
277 1757 411 1827 quoque
434 1730 477 1802 de
490 1729 611 1802 eodem
628 1733 780 1828 Georgio
798 1729 985 1802 consessore
1004 1755 1129 1803 certam

92 1839 287 1909 relationem
311 1834 407 1908 nobis
433 1839 559 1909 sanstus
584 1837 735 1908 Arculfirs
759 1839 931 1928 intimavit,
961 1863 1063 1934 quam
1087 1834 1130 1908 ab

92 1945 230 2041 expertis
258 1942 453 2040 quibusdam
477 1943 550 2015 sacis
577 1942 704 2016 idoneis
732 1941 949 2015 narratoribus
976 1947 1010 2015 in
1036 1946 1131 2041 supra

95 2074 279 2122 memorata
291 2051 583 2146 Constantinopoli
600 2048 679 2122 urbe
699 2047 919 2122 indubitanter
936 2049 1062 2144 didicit,
1077 2045 1131 2147 qui

96 2157 135 2230 de
150 2157 209 2230 illo
227 2158 344 2229 fando
363 2154 546 2228 consessore
563 2158 781 2253 pronunciare
795 2157 878 2228 soliti
895 2182 997 2245 erant,
1018 2157 1129 2230 dicen-

94 2292 153 2337 tes:
172 2262 327 2363 Qtidam
347 2264 500 2336 homolus
523 2264 680 2354 secularis,
698 2263 886 2360 Diospolim
908 2265 1074 2338 civitatem
1092 2267 1127 2336 in

97 2398 179 2468 equo
201 2370 318 2443 sedens
338 2368 506 2468 ingressus,
532 2396 573 2442 eo
597 2373 813 2467 intempore,
836 2395 904 2466 quo
927 2370 970 2442 ad
997 2370 1129 2466 expedi·

98 2479 219 2548 tionem
256 2475 444 2548 faciendam
477 2477 580 2548 multa
615 2476 818 2574 populorum
849 2477 950 2549 millia
983 2475 1129 2572 undique

99 2583 341 2658 conveniebant
362 2585 512 2674 collecta,
533 2583 624 2654 illam
640 2582 799 2655 accedens
822 2584 953 2655 intravit
977 2582 1130 2672 domum,

96 2689 128 2757 in
153 2715 216 2785 qua
247 2692 343 2787 supra
367 2713 550 2762 memorata
573 2715 758 2761 marmorea
783 2690 882 2761 exstat
907 2689 1072 2782 columna,
1097 2693 1131 2762 in

98 2795 222 2868 fronte⁰
238 2798 341 2869 sandi
362 2794 553 2868 confessoris
570 2798 709 2895 Georgii
727 2794 849 2868 babens
872 2795 1036 2894 depiftam
1052 2800 1133 2869 ima-

100 2904 218 2998 ginem,
247 2903 291 2975 ad
320 2930 421 3001 quam
447 2901 535 3000 quast
558 2902 603 2974 ad
624 2905 804 3000 presentem
827 2903 1012 3001 Georgium
1037 2904 1132 3001 loqui

101 3011 194 3106 cepit,
213 3009 341 3084 dicens:
360 3013 413 3083 Me
431 3010 501 3103 tibi,
519 3012 648 3109 Georgi
665 3007 840 3102 confessor,
858 3013 894 3080 δι
910 3038 1022 3082 meum
1038 3037 1130 3083 com·

100 3116 219 3188 mendo
244 3143 380 3214 equum,
401 3141 451 3206 ut,
473 3143 532 3214 per
553 3118 743 3188 orationum
768 3117 921 3187 virtutem
940 3140 1067 3190 tuarum
1090 3117 1131 3191 ab

101 3221 247 3296 universts
268 3223 432 3296 bellorum
454 3247 553 3318 atque
576 3222 769 3295 morborum
795 3248 1022 3320 aquarumque
1049 3228 1132 3322 peri·

100 3331 173 3401 culis
197 3329 336 3424 liberati,
364 3330 465 3404 ambo
492 3331 536 3404 ad
564 3334 649 3404 hanc
674 3333 775 3427 usque
800 3329 914 3403 urbem
938 3333 1011 3429 post
1037 3361 1133 3432 expe·

101 3435 229 3509 ditionis
260 3465 390 3536 tempus
400 3429 601 3510 'incolumes
633 3435 744 3510 reversi
735 3441 1019 3535 iperveniamus,
1049 3443 1084 3511 δι
1111 3440 1132 3514 st

102 3543 187 3615 tibi'
178 3571 225 3617 tta
242 3548 333 3618 Deus
358 3545 535 3617 misericors
562 3547 705 3618 nostram
727 3545 943 3620 revetstonem
962 3547 1135 3621 donaverit

102 3653 302 3750 prosperam,
320 3651 499 3724 secundum
513 3651 737 3725 oblationemb
753 3656 859 3726 nostre
874 3656 1052 3751 parvitatis,
1066 3680 1132 3752 ego

104 3757 185 3831 hunc
206 3787 332 3853 meum,
354 3785 454 3856 quem
475 3759 570 3832 valde
591 3786 681 3850 amo,
703 3787 836 3856 equum,
858 3763 964 3858 ipsum
986 3759 1046 3833 tibi
1070 3788 1132 3858 pro

104 3891 233 3939 munere
246 3865 444 3939 donandum
457 3864 593 3938 offeram
610 3868 645 3936 in
660 3869 836 3964 conspetstu
851 3893 906 3940 tue
922 3867 1132 3968 affignatutus

104 3973 247 4046 sormule.
273 3971 404 4072 Qibus
424 3974 634 4046 sermunculis
658 3976 748 4045 ocius
770 3978 966 4066 terminatis,
992 3975 1133 4047 domum

105 4079 252 4176 egressus,
269 4084 353 4154 inter
366 4082 522 4152 exercitus
536 4079 780 4152 multitudinem
793 4107 869 4153 cum
886 4085 1000 4154 ceteris
1014 4108 1132 4155 contu·

106 4185 284 4262 bernalibus
310 4214 521 4281 commeans,
541 4187 632 4259 idem
654 4188 836 4260 homuncio
858 4191 893 4261 in
917 4189 1132 4290 expeditionis

138 4347 160 4382 ιι.
172 4332 210 4398 83
223 4329 257 4384 al.
272 4331 297 4384 se
305 4341 353 4401 pro
368 4331 456 4384 fronte.
470 4361 503 4370 -
516 4332 541 4383 b.
555 4329 594 4383 Al.
610 4330 748 4400 optionem.
