3296 5700
293 493 580 548 uoumeourcou
605 498 629 548 s.
650 497 891 550 wnurssnuur.
1037 479 1100 553 261

122 747 171 811 xl
180 742 216 814 V.
233 743 385 832 Tiberias,
403 745 626 838 Capiturnaum,
646 745 825 837 bethsaida,
843 747 1053 840 ffagdalum,

494 852 676 944 Choroaain.
692 865 706 894 ⁶

123 1035 159 1106 Et
175 1033 256 1106 inde
272 1032 457 1132 pergebant
473 1032 516 1105 ad
530 1031 655 1126 urbem,
669 1059 734 1130 que
746 1058 883 1108 vocatur
895 1033 909 1080 ⁶
920 1037 1106 1110 Tiberiadis.

75 1143 130 1213 {lla
157 1141 222 1211 stat
241 1143 275 1212 in
292 1141 401 1212 littore
422 1143 529 1230 maris,
556 1138 611 1212 ubi
636 1143 801 1214 Dominus
827 1140 1110 1240 superambulabat

75 1245 164 1317 ficcis
178 1243 331 1343 pedibus,
347 1249 381 1316 &
394 1246 510 1335 Petrus,
528 1247 622 1343 super
633 1247 758 1319 undam
770 1246 942 1320 ambulans
959 1248 1002 1320 ad
1021 1277 1109 1340 eum,

76 1353 243 1425 demersus
255 1367 266 1398 ⁶
281 1353 336 1423 est.
349 1350 419 1424 dibi
432 1354 505 1423 sunt
517 1353 616 1424 multe
629 1351 759 1425 ecclefie
772 1356 985 1454 &synagoga
997 1355 1110 1428 ludeo-

76 1488 162 1551 rum,
187 1458 245 1531 sed
265 1461 301 1530 &
319 1475 479 1558 magnus‘
495 1460 604 1530 honor
625 1459 818 1533 dominicus.
835 1458 880 1532 lbi
899 1462 1028 1533 fuerunt
1052 1465 1108 1534 ah·-

78 1592 221 1664 quantos
238 1565 318 1658 dies,
334 1570 369 1637 &
383 1565 429 1638 ibi
442 1565 585 1638 Iordanis
600 1565 708 1638 transrt
720 1594 780 1664 per
796 1567 945 1639 medium
958 1597 1057 1642 mare.
1076 1571 1111 1642 [t

78 1673 154 1744 inde
169 1673 264 1746 ibant
276 1677 362 1748 circa
375 1703 464 1748 mare
477 1679 511 1746 &
524 1673 703 1773 pergebant
717 1677 805 1746 secus
814 1674 949 1745 vicumf
962 1680 1111 1772 Magda-

80 1783 152 1850 tene.
172 1779 208 1850 Et
222 1779 397 1853 veniebant
413 1781 457 1852 ad
475 1781 566 1852 illum
585 1783 720 1853 vicunt
735 1787 954 1875 Capitinam,
973 1778 1027 1852 ubi
1040 1785 1111 1853 Do·
1203 1793 1204 1796 ’

81 1889 187 1958 minus
200 1889 356 1984 principis
370 1887 469 1958 filiam
488 1889 657 1980 suscitavit,
676 1886 730 1959 ubi
750 1889 810 1960 fuit
822 1887 941 1960 domus
953 1891 988 1959 &
1003 1915 1111 1960 murus

82 2019 231 2092 magnus.
253 1994 312 2065 *Et
332 1992 374 2064 fic
400 1993 549 2065 dixerunt
566 1994 610 2064 iiii
631 1994 793 2085 homines,
822 1995 914 2092 quod
939 1993 1111 2067 Zebedeus

82 2127 155 2170 cum
177 2101 252 2172 filiis
272 2104 332 2172 suis
352 2103 495 2173 iohanne
507 2104 542 2172 δε
565 2101 684 2174 Iacobo
701 2102 747 2174 ibi
761 2105 880 2174 fiterint
896 2101 1059 2173 collocari.
1077 2099 1112 2170 Et

81 2207 155 2279 inde
170 2207 354 2306 pergebant
366 2210 375 2253 ¹'
390 2208 432 2279 ad
446 2211 663 2304 bethsaidam:
680 2209 758 2280 inde
771 2235 861 2280 erant
873 2209 979 2279 Petrus
993 2211 1028 2278 &
1040 2209 1108 2278 An·

29 2376 39 2398 χ
83 2315 184 2386 dreas.
207 2313 254 2386 lbi
265 2317 310 2386 est
327 2341 417 2385 nunc
430 2313 571 2404 ecclefia,
584 2313 640 2386 ubi
653 2317 739 2412 prius
758 2341 825 2387 erat
837 2314 956 2386 domus
969 2315 1109 2385 illorum·

84 2421 115 2490 Et
126 2423 192 2493 illic
210 2447 381 2493 manentes
390 2448 489 2492 unam
499 2427 642 2512 nostem,
658 2449 756 2494 mane
763 2421 947 2521 pergebant
959 2421 1001 2492 ad
1016 2427 1112 2493 Coro-

85 2527 191 2622 gaimff'
208 2527 266 2599 ubi
289 2530 453 2600 Dominus
481 2528 695 2600 demoniacos
721 2531 855 2619 curavit,
881 2533 916 2600 ἃ
942 2528 1113 2601 diabolum

86 2633 234 2706 mittebat
249 2636 283 2704 in
298 2661 436 2733 gregem
454 2662 642 2732 porcorum.
662 2633 706 2706 lbi
729 2636 788 2707 fuit
810 2633 943 2707 ecclesra
960 2635 1112 2707 Christia-

87 2766 212 2814 norum.

141 2988 211 3055 XV.
231 2987 281 3054 ior
297 2985 328 3053 θ
345 2987 430 3070 Uarr,
449 2987 602 3069 Iordanis,
616 2985 750 3077 paludes
768 2984 913 3068 Metam,
934 2984 1063 3076 Cesarea

519 3091 694 3184 rumpi*

134 3273 166 3343 Et
179 3272 224 3345 ibi
243 3300 384 3364 orantes,
401 3273 585 3372 pergebant
597 3272 686 3363 inde,
704 3276 739 3344 δε
752 3270 928 3345 veniebant
940 3271 983 3343 ad
1000 3271 1113 3341 locum

91 3379 186 3470 illum,
202 3379 259 3452 ubi
275 3378 365 3452 du01
380 3381 488 3471 fontes
507 3380 548 3452 de
570 3405 653 3451 terra
671 3404 836 3467 emanant,
856 3385 907 3450 lor
922 3382 957 3449 &
975 3385 1059 3466 Uarr,
1079 3379 1114 3446 &

90 3509 173 3578 tunc,
189 3489 357 3558 venientes
372 3486 414 3558 de
431 3513 545 3558 monte
567 3485 721 3557 deorsum
736 3488 772 3556 in
789 3512 892 3556 unum
909 3486 1048 3574 colleffi,
1066 3485 1113 3554 fa-

90 3593 174 3664 ciunt
186 3599 353 3666 Iordanem.
365 3593 409 3666 lbi
421 3593 634 3665 morabantur
643 3609 662 3638 m
671 3619 771 3664 unam
785 3597 919 3664 nostem
930 3593 1014 3663 inter
1027 3590 1111 3662 duos

91 3699 202 3790 fontes,
212 3719 225 3747 '¹
237 3703 273 3772 &
288 3703 430 3798 pastores
443 3699 567 3773 dabant
583 3699 680 3773 nobis
691 3728 804 3772 acrum
816 3701 869 3772 lac
880 3697 1001 3772 bibere.
1020 3699 1054 3770 Et
1068 3697 1114 3771 ibi

122 3887 144 3921 a.
160 3869 255 3922 ‘limitas
267 3873 292 3922 d.
311 3869 338 3920 in
355 3871 421 3934 Ma,
436 3871 476 3934 0.,
491 3871 516 3920 P.
533 3899 568 3908 -
631 3869 660 3919 R.
671 3885 742 3920 mura
755 3885 856 3936 magna.
871 3897 904 3907 -
915 3867 930 3918 i.
942 3869 1115 3937 Gpergentes.

93 3951 115 4000 b.
135 3951 186 4003 Mb.
205 3949 304 4003 dicitur.
316 3979 352 3989 —
368 3967 391 4003 c.
404 3951 468 4014 Ma,
483 3952 509 4002 R.
524 3949 569 4001 de·
631 3979 659 3988 -
671 3949 690 4015 j.
706 3949 758 4000 Mt.
772 3946 913 4001 Corazaim.
928 3977 963 3986 -
977 3947 1003 3998 k.
1020 3947 1116 4000 Utatur

93 4029 568 4100 mergatus3Rdimersus.-d.adeum
631 4027 656 4078 d.
665 4024 691 4079 in
706 4029 743 4091 C..
753 4028 850 4090 Mam
863 4056 895 4064 -
909 4027 923 4078 1.
937 4027 1114 4091 Mb.,R.duos.

95 4111 152 4162 ...est
165 4115 191 4164 d.
207 4111 233 4163 in
248 4113 274 4164 C.
293 4143 318 4151 -
330 4129 351 4162 e.
366 4112 529 4180 Mb.magna;
543 4111 569 4161 P.
631 4139 664 4149 -
679 4109 967 4176 m.Mb.‚R.motabant.
977 4127 1043 4161 -n.
1053 4109 1116 4177 Ma,

94 4207 181 4258 magno
194 4191 297 4244 honore.
310 4191 490 4256 -tMt.,R.‚
504 4189 568 4243 vito.
632 4194 660 4244 R.
674 4191 772 4243 duabus
786 4188 904 4242 fontibus.

94 4299 125 4310 -
135 4289 160 4343 g.
174 4273 239 4338 Mb„
252 4273 280 4323 R.
294 4269 337 4323 ilio.
347 4269 410 4324 vico.
423 4301 458 4311 —-
470 4271 493 4323 h.
505 4271 570 4338 Ma,
