3448 5718
234 571 378 625 x1v-xv.
399 566 627 621 nascmo
640 561 880 618 anaaocffla
894 557 1122 614 cacumen.
1151 539 1225 631 xlvij

231 879 430 944 Enmouus:

234 979 320 1061 1672,
332 979 361 1038 in
372 975 546 1038 Mobillonis
560 973 632 1036 AA.
643 971 693 1035 SS.
704 973 771 1035 ord.
786 971 814 1034 S.
826 969 1059 1061 Bened.,saecul.
1073 970 1138 1050 III,
1144 986 1224 1054 part.

188 1077 237 1156 II,
248 1092 277 1160 p.
292 1075 435 1159 523-526‚
450 1097 482 1136 cx
496 1073 552 1135 cod
568 1073 598 1134 d.

234 1173 320 1256 1839,
343 1171 458 1234 codicem
481 1168 690 1254 Lincolnenscm
712 1167 799 1230 edidit
817 1165 869 1229 Fr.
890 1164 1013 1244 MicheI,
1032 1167 1060 1228 in
1082 1168 1151 1229 attis
1165 1189 1228 1248 quae

188 1273 340 1335 dicunmr:
348 1268 521 1332 Mimoires
529 1267 568 1328 de
577 1265 607 1329 la
616 1264 736 1328 Sociite
747 1265 784 1327 de
795 1264 990 1348 geographie,
1003 1276 1022 1326 t.
1033 1263 1141 1349 IV,pp.
1153 1264 1227 1347 784-

189 1387 258 1452 794,
280 1367 361 1452 Qua
379 1366 459 1428 editio
471 1366 543 1448 fere
556 1363 663 1426 nullius
680 1363 770 1446 pretij
789 1363 978 1446 exsic'manda.

235 1467 320 1547 1852,
341 1462 592 1528 Mabillonianaeec
614 1461 754 1523 editicium
775 1460 861 1522 denuo
879 1461 948 1544 typis
966 1459 1094 1544 exprefflt
1112 1459 1229 1543 Migne,

126 1563 129 1568 ’
189 1567 221 1628 in
236 1561 422 1644 Patrologiae
438 1559 541 1622 latInae
555 1557 651 1636 cursu,
666 1554 789 1637 CXXI,
802 1581 824 1620 c.
839 1559 906 1640 569
1235 1563 1238 1570 '

236 1663 323 1745 1873,
335 1660 394 1722 luci
411 1658 534 1722 eamdem
554 1656 760 1734 narrationem,
779 1655 929 1742 Francisci
954 1653 1070 1718 Micbel
1088 1657 1228 1718 emendato

187 1775 276 1838 texta,
299 1757 377 1820 dedit
391 1754 505 1833 I'oblcr,
527 1755 601 1818 inter
616 1750 847 1835 Descriptiones
867 1751 976 1816 Terrae
990 1751 1119 1832 SanIIae,
1133 1768 1163 1837 p.
1178 1752 1226 1835 85.

629 1979 785 2052 XIV-XV

339 2139 565 2194 DESCRIPTIO
585 2138 827 2192 PARROCIIIAE
846 2136 1071 2191 IERUSALEM.

284 2228 447 2282 NOTITIA
480 2227 858 2280 PATRIARCIIATUUM
890 2226 1122 2280 ANTIOCHIAE

537 2317 590 2369 Ac
610 2315 880 2368 IEROSOLYMAE.

237 2443 273 2506 In
288 2443 425 2528 opusculo,
439 2443 484 2505 cui
496 2442 608 2506 titulum
623 2439 874 2523 Descciptionem
886 2441 1051 2522 parrochiae
1065 2438 1228 2507 Ierusalem

191 2539 353 2626 prefigunt
363 2541 463 2602 codices
478 2539 675 2626 manuscripti
695 2539 826 2619 quadam
841 2539 936 2600 breuis
950 2553 1032 2619 atque
1044 2541 1118 2602 omni
1125 2556 1227 2604 ornatu

193 2638 325 2722 destincte
339 2637 526 2720 occasurum,
539 2659 601 2718 quoe
618 2637 842 2723 Iercp'olymitani
851 2634 1031 2720 patriarcha
1049 2635 1227 2724 ditionisub-

193 2734 262 2795 ditae
277 2747 371 2811 crant,
384 2735 460 2796 nobis
477 2734 646 2796 enumeratio
660 2732 810 2796 exhibetur.
824 2731 963 2817 Quamſs
971 2730 1222 2816 illcstrarevolue·

194 2832 294 2908 rimus,
313 2846 410 2914 pauca
430 2831 506 2893 nobis
527 2831 559 2893 de
579 2831 692 2912 antiquo
712 2828 787 2913 fiius
808 2829 924 2914 ccclefiae
936 2830 1020 2914 statu
1041 2829 1167 2892 dicenda.
1191 2829 1228 2892 In

190 2927 296 3013 primis
303 2928 361 3011 pai
368 2925 507 3011 Chrssuen
514 2927 641 3016 faculis,
650 2927 717 2988 eccle
731 2947 762 2988 ta
772 2925 1034 3015 Hierosolymitana
1043 2929 1230 2991 tantummodo

191 3022 359 3107 episcopalis
379 3038 452 3102 erat,
474 3023 521 3108 etst
534 3022 700 3108 quibusdam
715 3022 862 3087 honoribus
882 3046 916 3086 ac
925 3023 1088 3108 privilegiis
1092 3024 1228 3109 fingule-

195 3121 275 3182 ribus
287 3120 425 3202 gaudens,
439 3144 472 3185 ac
489 3119 784 3207 Casarienstsubdita
795 3120 1020 3204 eratmetropoii,
1033 3123 1112 3185 intra
1127 3120 1229 3184 Antio·

196 3215 276 3280 ebeni
285 3218 506 3302 patriarchatus
516 3218 615 3282 limites
619 3217 694 3302 ſstae.
710 3217 773 3279 Nec
784 3232 875 3280 tamen
885 3241 963 3300 aquo
973 3218 1230 3307 animobancfidis

187 3315 260 3401 suae
273 3315 449 3378 conditionem
473 3316 599 3379 tulerunt
617 3314 743 3401 episcopi,
763 3338 880 3396 quorum
901 3316 1030 3378 inmente
1043 3318 1232 3379 recurrebant

194 3425 233 3476 tot
245 3415 279 3476 &a
292 3428 382 3476 tanta
402 3416 431 3474 in
446 3415 500 3496 ista
515 3416 584 3477 urbe
598 3436 641 3476 res
651 3414 746 3497 gestie.
769 3413 805 3476 In
815 3415 909 3498 primo
922 3415 1015 3496 itaque
1029 3414 1138 3476 concilio
1151 3436 1230 3476 acu-

194 3511 307 3587 menico,
320 3508 472 3572 Nicaenueec
484 3511 552 3588 dico,
565 3533 638 3572 anna
652 3527 709 3594 325
725 3525 897 3593 congregato,
910 3510 1052 3572 nonnulla
1065 3510 1186 3591 querela
1198 3512 1231 3573 de

183 3608 269 3691 statu
278 3606 327 3668 illo
337 3609 373 3669 ab
383 3608 504 3692 episcopo
513 3607 656 3672 Macaria
663 3607 870 3694 prolataesunt.
879 3607 966 3691 ,Quas
976 3623 1067 3670 tamen
1081 3631 1134 3669 non
1144 3609 1230 3671 audi·

193 3719 302 3767 verunt
316 3718 423 3788 patres,
437 3707 486 3785 qui
498 3706 527 3767 in
533 3706 652 3794 septimo
666 3727 767 3768 canone
781 3705 968 3768 decreverunt
979 3705 1233 3793 Hierosolymitani

194 3801 318 3886 episcopi
323 3802 580 3887 cunetaservanda
588 3802 643 3886 effe
647 3803 819 3887 privilegia,
828 3803 971 3865 dummodo
977 3803 1155 3888 metropolita
1162 3803 1231 3867 iura

194 3897 291 3988 illoesa
315 3914 493 3963 manerent.¹
512 3899 612 3981 Neque
631 3922 700 3962 vero
722 3899 769 3961 hoc
791 3900 874 3963 edicto
891 3901 997 3986 sedata
1019 3900 1161 3988 discordia
1184 3902 1230 3984 est.

193 3995 297 4080 Quum
308 3998 379 4060 enim
389 3997 533 4060 concilium
543 3996 646 4083 Ephefi
656 4021 729 4061 anno
737 4015 793 4081 431
808 3997 1082 4081 congregatumfuit,
1093 3998 1232 4087 episcopus

193 4089 236 4152 H
234 4093 484 4183 ierosolymitanus,
497 4094 657 4173 Iuvenalis,
671 4117 690 4156 a
700 4097 834 4179 patribus
843 4096 925 4179 petiit
938 4110 970 4158 ut
978 4095 1101 4181 deinceps
1115 4096 1233 4182 ecclefiae

185 4189 255 4274 sace
274 4190 376 4253 dicioni
387 4191 579 4278 subiiceretur
599 4191 767 4255 Antiocheno
780 4190 902 4277 ecclesa,
927 4193 1000 4256 ononi
1014 4193 1234 4278 patriarchatus

234 4368 243 4400 ι
261 4351 360 4416 Labbe,
372 4350 490 4417 Gadita,
502 4365 534 4417 11,
546 4369 587 4416 47.
