3354 5706
956 489 1149 598 Altcutrus

731 893 763 959 ll.
791 895 841 960 De
857 892 1029 960 conditione
1045 891 1176 982 eiusdem
1193 893 1338 958 civitatis.

574 1058 626 1128 De
636 1059 725 1128 cuius
737 1056 930 1128 conditione
940 1057 1025 1128 hanc
1036 1054 1247 1128 traditionem
1254 1057 1553 1130 civesamaioribus

525 1164 768 1264 promulgatam
779 1187 940 1255 enarrant,
950 1162 1108 1236 dicentes:
1122 1169 1299 1260 Imperator
1308 1163 1554 1252 Constantinus,

523 1271 649 1344 infinita
680 1271 854 1343 hominum
884 1268 1091 1343 multitudine
1119 1297 1321 1372 congregata
1350 1276 1386 1345 ἃ
1409 1271 1555 1371 undique

522 1378 654 1450 infinitis
680 1376 836 1450 sumtibus
860 1404 945 1475 pene
962 1378 1108 1451 nuditate
1126 1382 1275 1451 omnium
1299 1381 1472 1453 civitatum
1488 1379 1555 1448 col·

522 1485 623 1578 ledis,
645 1484 758 1561 urbem
776 1485 822 1557 fui
841 1487 1034 1582 participem
1060 1489 1204 1557 numinis
1223 1488 1257 1558 in
1275 1485 1347 1558 Afie
1364 1512 1471 1584 parte,
1492 1485 1556 1556 hoc

523 1594 578 1684 est,
597 1596 631 1666 in
644 1593 772 1684 Cilicia,
793 1595 963 1664 interiedlo
981 1594 1074 1684 mari,
1097 1592 1189 1688 quod
1209 1594 1241 1666 in
1258 1595 1319 1665 illis
1338 1592 1459 1665 finibus
1474 1595 1556 1664 inter

523 1696 633 1771 Afiam
649 1699 862 1796 &Europam
881 1698 1090 1790 disterminat,
1107 1699 1258 1772 edificare
1275 1703 1371 1799 cepit.
1395 1697 1557 1798 Qadam

521 1832 600 1879 vero
626 1811 740 1898 nodie,
772 1832 848 1877 cum
873 1803 1123 1878 innumerabiles
1149 1809 1374 1905 operariorum
1399 1806 1556 1878 exercitus

522 1937 580 2008 per
595 1913 789 1984 immensam
807 1913 986 1984 castrorum
1001 1912 1265 2011 longitudinem*
1281 1917 1314 1987 in
1332 1911 1555 2012 papilionibus

522 2019 712 2112 dormirent,
735 2022 850 2091 omnia
871 2019 1143 2091 ferramentorum
1159 2048 1290 2119 genera,
1314 2019 1433 2118 quibus
1450 2019 1554 2092 diver·

524 2131 634 2201 forum
647 2153 786 2224 operum
797 2126 933 2198 artifices
943 2130 988 2197 uti
1000 2128 1245 2217 consueverant,
1260 2127 1365 2200 subito
1379 2126 1554 2224 quomodo

521 2235 581 2308 sint
605 2233 739 2327 sublata,
761 2235 907 2306 nescitur.
933 2235 984 2306 De
1006 2259 1148 2329 quorum
1167 2232 1385 2308 subitanea&
1403 2232 1552 2307 occultal

521 2341 713 2433 sublatione,
724 2367 800 2412 cum
810 2343 918 2439 primo
929 2367 1027 2412 mane
1036 2340 1080 2412 ad
1089 2343 1195 2438 ipsum
1205 2344 1438 2438 imperatorem
1447 2341 1553 2412 Cons-

521 2451 683 2522 tantinum
704 2448 835 2546 plurimi
857 2471 1056 2544 operatores,
1081 2449 1215 2519 mestitia
1240 2448 1421 2538 molestati,
1448 2449 1552 2542 queri·

522 2559 670 2629 moniam
699 2552 902 2644 detulissent,
927 2580 979 2624 rex
1004 2555 1241 2650 consequenter
1266 2555 1401 2650 inquirit
1427 2552 1470 2624 ab
1497 2555 1553 2640 eis,

523 2664 647 2736 dicens:
666 2664 698 2735 Si
715 2661 792 2732 alias
809 2685 858 2730 res
876 2659 917 2730 de
935 2661 1042 2731 castris
1060 2658 1236 2732 s'ubtraslas
1257 2659 1406 2732 audistis?
1428 2659 1555 2752 Nullas,

522 2773 682 2867 inquiunt,
709 2767 850 2864 exceptis
877 2765 1030 2838 omnibus
1058 2793 1199 2865 operum
1223 2769 1433 2840 ferramentis.
1459 2769 1554 2838 Tunc

521 2875 640 2949 deinde
661 2901 717 2946 rex
741 2874 888 2970 precipit,
915 2875 1063 2968 inquiens
1090 2872 1133 2944 ad
1156 2901 1225 2946 eos:
1249 2879 1292 2946 lte
1313 2877 1418 2966 citius,
1441 2877 1476 2945 ἃ
1495 2875 1555 2944 cir·

522 3007 713 3056 cumeuntes
736 2979 818 3051 ultra
841 2982 986 3074 citraque
1007 3007 1066 3076 per
1091 2982 1267 3052 maritimas
1287 2985 1464 3081 regionum
1480 3007 1554 3052 oras

521 3089 813 3174 conterminamm,
839 3086 978 3174 lustrate,
1005 3088 1050 3178 dc,
1076 3084 1097 3157 fr
1122 3089 1157 3157 in
1174 3087 1284 3182 aliquo
1303 3114 1459 3187 agrorum
1477 3089 1554 3158 loco

522 3197 606 3270 forte
623 3195 725 3269 vestra
742 3193 904 3288 reperietis
922 3193 1130 3284 ferramenta,
1149 3191 1273 3265 ibidem
1286 3196 1415 3266 interim
1429 3222 1470 3266 ea
1485 3195 1555 3266 cuf-

523 3302 638 3391 todite,
664 3302 699 3371 &
723 3298 778 3369 illa
795 3300 859 3369 huc
877 3325 944 3370 non
963 3301 1144 3396 reportetis,
1167 3298 1222 3371 sed
1239 3299 1282 3372 ad
1299 3327 1353 3372 me
1370 3301 1496 3396 aliquos
1514 3327 1555 3373 ex

525 3407 619 3481 vobis
646 3408 761 3478 reverti
780 3406 888 3497 facite,
909 3431 943 3476 ut
960 3430 1021 3501 pro
1041 3430 1131 3477 certo
1154 3407 1232 3478 scire
1254 3407 1371 3504 posfrm
1395 3405 1436 3478 de
1456 3407 1555 3478 serra·

522 3538 709 3586 mentorum
728 3536 919 3609 repertione.

570 3618 701 3719 Quibus
730 3617 866 3709 auditis,
893 3620 1031 3715 operarij
1061 3616 1280 3715 absequuntur
1308 3617 1507 3691 sermonibus
1536 3647 1556 3692 a

520 3753 597 3826 rege
622 3725 726 3818 distis,
752 3728 787 3797 &
811 3751 962 3798 exeuntes
988 3725 1108 3796 secuti‘
1125 3726 1252 3798 fuerant
1269 3724 1398 3816 iussum,
1421 3727 1554 3798 lustratis

522 3833 597 3906 hinc
614 3837 649 3905 ἃ
666 3831 742 3906 inde
762 3857 869 3929 ponto
892 3831 1005 3904 vicinis
1022 3857 1177 3930 agrorum
1195 3834 1350 3904 terminis.
1374 3832 1409 3903 Et
1425 3859 1501 3904 ecce
1519 3837 1552 3904 in

521 3940 645 4036 Europe
676 3964 786 4036 parte,
815 3938 896 4010 ultra
922 3964 1033 4029 mare,
1064 3938 1336 4010 ferramentorum
1362 3941 1553 4036 congeriem

520 4071 708 4145 repererunt
729 4047 812 4118 inter
841 4042 909 4116 duo
932 4043 1035 4115 maria
1059 4045 1091 4115 in
1115 4069 1183 4116 unu
1203 4069 1442 4144 congregatam
1463 4044 1552 4116 loco.

522 4155 603 4253 Qro
625 4175 767 4251 reperto,
790 4150 833 4223 ad
850 4177 962 4250 regem
979 4174 1018 4221 ex
1036 4151 1080 4221 eis
1099 4149 1199 4246 aliqui
1220 4152 1354 4224 veniunt
1371 4149 1500 4242 remiffi,
1517 4153 1553 4222 ἀ

557 4339 579 4375 a.
595 4321 622 4374 L.
636 4320 801 4374 latitudinem.
818 4347 845 4356 -
860 4320 884 4371 b.
897 4317 937 4370 At.
950 4317 1089 4390 improvisa.
1104 4347 1136 4358 —
1151 4337 1173 4371 c.
1186 4317 1254 4387 Mffi,
1268 4318 1303 4370 as.
1317 4317 1393 4371 sicuti.
