3390 5720
506 567 556 644 44
805 564 937 617 PAULA
955 564 979 616 δι
999 562 1250 616 EUSTOCHIUM

508 809 608 880 quarn
621 782 664 855 ad
678 781 858 854 studiorum
872 783 996 882 fastigia
1010 779 1213 879 pervenisse?
1226 782 1297 854 Nec
1307 781 1373 853 hoc
1386 782 1536 876 dicimus,

507 890 600 988 quod
621 915 794 962 renuamus
815 917 955 990 regnum
977 893 1041 964 Dei
1062 893 1147 963 intra
1167 917 1230 964 nos
1251 888 1327 978 effe,
1352 893 1387 962 dt
1408 891 1536 962 sandes

506 1000 593 1071 viros
616 1000 715 1069 etiam
740 999 775 1068 in
800 999 912 1068 ceteris
937 996 1003 1069 esse
1030 995 1231 1097 regionibus,
1264 995 1320 1069 sed
1350 996 1443 1094 quod
1471 999 1536 1069 hoc

508 1103 682 1177 asseramus
699 1104 751 1176 vel
769 1105 922 1197 maxime,
940 1131 1008 1197 eos,
1025 1107 1082 1201 qui
1097 1107 1132 1176 in
1150 1129 1223 1176 toto
1240 1101 1319 1176 orbe
1336 1104 1410 1176 sunt
1429 1106 1538 1202 primi,

508 1211 572 1282 huc
589 1213 707 1308 pariter
724 1212 930 1312 congregari.

557 1323 590 1390 ll.
609 1317 663 1390 Ad
688 1345 751 1414 que
774 1344 836 1390 nos
860 1319 936 1390 loca
964 1343 1034 1391 non
1061 1343 1096 1392 ut
1114 1321 1230 1417 prime,
1264 1317 1321 1391 sed
1349 1343 1386 1390 ut
1409 1343 1537 1391 externe

507 1428 668 1517 venimus,
685 1450 721 1496 ut
736 1427 861 1523 primos
878 1427 912 1498 in
930 1428 974 1498 eis
994 1429 1143 1500 omnium
1161 1429 1310 1525 gentium
1327 1452 1539 1498 cerneremus.

508 1535 608 1606 Certe
621 1529 682 1603 flos
693 1531 829 1628 quidam
841 1535 875 1603 ἃ
888 1531 1125 1630 pretiosrffimus
1139 1534 1222 1632 lapis
1239 1535 1323 1606 inter
1332 1531 1540 1605 ecclesiastica

509 1665 703 1712 ornamenta
724 1640 966 1712 monachorum
988 1644 1022 1712 ἃ
1042 1643 1208 1740 virginum
1231 1640 1350 1713 chorus
1371 1634 1425 1712 est'.
1457 1642 1539 1739 Qui·

510 1771 652 1843 cumque
667 1748 702 1818 in
721 1747 831 1818 Gallia
858 1747 954 1818 fuerit
974 1748 1109 1844 primus,
1132 1745 1195 1818 huc
1220 1771 1384 1843 properat.
1412 1748 1540 1819 Divisus

509 1849 551 1923 ab
580 1851 660 1924 orbe
686 1853 797 1924 nostro
829 1855 1008 1945 Britannus,
1038 1851 1059 1924 st
1089 1856 1124 1925 in
1156 1853 1315 1952 religione
1339 1850 1540 1949 processerit,

509 1960 651 2032 occiduo
669 1960 736 2031 sole
754 1957 896 2052 dimisso,
921 1962 1026 2056 querit
1046 1961 1160 2032 locum
1182 1960 1271 2032 fama
1287 1957 1343 2030 stbi
1361 1983 1490 2032 tantum
1506 1961 1541 2030 ἃ

397 2065 401 2073 ’
508 2068 738 2164 scripturarum
756 2068 912 2140 relatione
926 2070 1108 2169 cognitum.
1128 2064 1223 2166 Qrid
1236 2067 1413 2139 referamus
1425 2069 1542 2138 Arme-

509 2177 593 2268 nios,
607 2173 688 2271 quid
703 2175 817 2266 Persas,
834 2173 914 2271 quid
928 2175 1017 2247 lndie
1027 2178 1062 2247 dt
1074 2175 1221 2274 Ethiopie
1241 2176 1405 2273 populos⁶
1421 2177 1541 2272 ipsam·

510 2311 575 2382 que
597 2284 684 2353 iuxta
705 2282 866 2379 Egyptum
887 2283 1025 2354 fertilem
1039 2295 1043 2310 '
1057 2282 1311 2372 monachorum,
1337 2283 1478 2354 Pontum
1506 2287 1542 2354 &

510 2387 776 2487 Cappadociam,
798 2388 923 2480 Syriam
939 2387 1044 2460 Celen
1066 2391 1100 2459 ἃ
1116 2389 1393 2485 Mesopotamiam
1410 2393 1543 2459 cunda·

511 2523 576 2594 que
602 2495 733 2566 orientis
759 2497 936 2567 examina?
970 2521 1034 2591 que
1060 2497 1149 2567 iuxta
1173 2495 1339 2570 salvatoris
1365 2496 1545 2591 eloquium,

512 2603 672 2677 dicentis:
699 2607 882 2696 Ubicumque
906 2607 1009 2695 fiterit
1037 2630 1156 2700 corpus,
1183 2606 1257 2673 illuc
1285 2606 1545 2698 congregabuntur

512 2715 623 2806 aquile,
645 2713 843 2781 concurrunt
858 2706 902 2780 ad
926 2709 986 2781 hec
1000 2711 1076 2782 loca
1092 2712 1127 2781 dt
1144 2708 1343 2782 diversarum
1360 2708 1456 2781 nobis
1482 2711 1543 2781 vir·

513 2844 619 2892 tutum
636 2819 802 2914 specimen
819 2817 1003 2890 ostendunt.

562 2933 606 3001 lll.
632 2927 709 2997 Vox
727 2924 863 3022 quidem
883 2922 1022 3018 dissona,
1044 2923 1185 2996 seduna
1207 2925 1331 3024 religio
1369 2925 1438 2996 Tot
1459 2952 1543 3023 pene

513 3033 719 3132 psallentium
739 3030 842 3120 chori,
866 3056 950 3127 quot
971 3033 1120 3130 gentium
1137 3029 1341 3103 diversitates.
1370 3035 1453 3102 lnter
1472 3032 1543 3124 hec,

515 3167 579 3236 que
595 3139 649 3212 vel
675 3139 782 3235 prima
807 3140 840 3212 in
869 3137 1045 3210 christianis
1069 3139 1168 3211 virtus
1193 3139 1249 3229 est,
1274 3137 1355 3209 nihil
1379 3163 1544 3236 arrogans,

515 3245 593 3318 nihil
605 3243 662 3318 fibi
672 3246 714 3319 de
727 3247 929 3318 continentia
942 3245 1115 3342 supercilii:
1131 3244 1320 3319 humilitatis
1331 3246 1416 3316 inter
1429 3271 1543 3318 ornnes

514 3355 685 3425 contentio
703 3354 756 3425 est.
783 3355 995 3450 Quicumque
1013 3349 1202 3424 novissimus
1220 3351 1325 3442 fuerit,
1347 3351 1400 3422 hic
1421 3354 1543 3450 primus

514 3483 652 3559 putatur.
664 3466 697 3533 ln
705 3461 791 3533 vesle
801 3461 890 3532 nulla
898 3459 1059 3550 discreti0,
1069 3457 1543 3555 nullaadmiratio.Utcumque

514 3569 672 3667 placuerit
684 3568 846 3657 incedere,
861 3595 922 3642 nec
939 3566 1147 3640 detractionis
1157 3567 1212 3658 est,
1226 3561 1287 3637 nec
1299 3563 1413 3638 laudis.
1428 3567 1544 3640 ieiunia

515 3699 649 3773 quoque
675 3677 842 3746 neminem
868 3673 1047 3766 sublevant,
1074 3698 1135 3744 nec
1165 3673 1306 3744 defertur
1334 3671 1454 3767 inedie,
1484 3699 1542 3746 nec

516 3780 664 3853 modesta
678 3783 825 3853 saturitas
842 3780 1091 3853 condemnatur.
1117 3779 1182 3850 Suo
1204 3777 1344 3851 domino
1372 3779 1433 3850 stat
1448 3781 1540 3852 unus·

516 3889 653 3986 quisque
669 3887 833 3961 autcadit.
859 3889 969 3960 Nemo
982 3887 1104 3959 iudicat
1127 3887 1275 3975 alterum,
1301 3915 1343 3958 ne
1361 3888 1540 3960 aDomino

516 3995 683 4069 iudicetur.
696 3997 730 4068 Et
745 3993 838 4092 quod
855 3997 889 4066 in
903 3995 1064 4091 plerisque
1073 3994 1251 4094 provinciis
1265 3993 1422 4066 familiare
1439 3995 1493 4086 esl,
1510 4019 1541 4064 ut

516 4105 663 4202 genuino
687 4103 785 4176 dente
803 4104 834 4175 se
846 4104 1000 4196 lacerent,
1008 4103 1066 4173 hic
1082 4103 1211 4199 penitus
1225 4126 1295 4173 non
1309 4099 1454 4174 habetur.
1472 4103 1540 4174 Pro·

516 4211 570 4284 cul
589 4211 727 4303 luxuria,
746 4211 863 4309 procul
879 4211 1039 4308 voluptas

518 4389 522 4398 ,
566 4319 618 4390 lV.
644 4319 751 4390 Tanta
768 4319 801 4388 in
823 4317 891 4414 ipsa
909 4314 989 4392 urbe
1006 4319 1195 4392 orationum
1210 4315 1296 4409 loca,
1311 4339 1346 4385 ut
1360 4313 1403 4386 ad
1418 4339 1457 4386 ea
1474 4339 1540 4411 per·

551 4477 577 4516 a.
595 4459 639 4512 Ed.
654 4459 770 4533 populus.
