3390 5720
467 525 518 578 nn
543 525 648 578 noers
664 526 831 579 saaca-n.
1085 526 1147 604 103

102 745 165 818 alie
183 747 292 818 multe
303 749 457 820 virtutes:
477 748 598 843 species
616 747 711 820 beate
727 748 829 819 Marie
846 749 881 818 in
898 747 1054 844 superiori
1070 746 1149 817 loco

103 855 138 922 dt
156 880 249 926 zona
264 853 359 951 ipsus
376 857 411 924 ἃ
427 855 656 952 ligamentum,
671 880 739 950 quo
757 853 952 926 utebaturin
967 855 1084 950 capite.
1105 851 1149 926 lbi

102 962 178 1031 lunt
194 965 234 1044 dt
254 963 380 1060 septem
398 959 551 1034 cathedre
568 987 751 1033 marmoree
768 962 943 1033 seniorum.

446 1203 530 1275 XXI.
558 1203 667 1275 Turris
689 1208 807 1275 David.

154 1385 237 1458 lnde
255 1386 461 1457 ascendimus
486 1389 520 1459 in
546 1394 654 1459 turrim
672 1391 788 1474 David,
812 1383 868 1457 ubi
887 1386 1074 1483 psalterium
1093 1383 1150 1458 de-

106 1494 264 1565 cantavit.
291 1495 413 1592 Magna
436 1495 480 1564 esl
504 1493 610 1585 valde,
638 1497 673 1564 in
709 1521 774 1590 qua
802 1494 876 1565 sunt
903 1495 1099 1564 monasteria
1116 1495 1151 1566 in

107 1609 274 1681 cenaculis
293 1607 440 1708 lingulis:
462 1636 527 1705 que
542 1611 635 1681 turris
649 1607 876 1706 quadrangula
892 1610 1027 1704 &opus
1046 1609 1150 1706 sculp-

107 1733 211 1806 tum,⁶
229 1741 303 1786 non
319 1713 443 1788 habens
463 1721 595 1788 tectum.
615 1721 649 1788 ln
663 1741 763 1812 quam
780 1719 879 1788 etiam
897 1717 1071 1788 Christiani
1087 1741 1149 1812 pro

109 1822 293 1895 devotione
314 1821 357 1892 ad
378 1819 584 1894 mansonem
605 1821 796 1914 ascendunt,
821 1827 867 1913 &‚
892 1825 978 1894 circa
1003 1821 1151 1894 mediam

108 1933 246 2000 nossem
260 1930 437 2026 surgentes,
448 1928 585 2000 audiunt
597 1955 697 2001 voces
710 1930 984 2000 murmurantium
997 1927 1150 2000 deorsum

109 2038 140 2106 in
153 2035 239 2107 valle
255 2035 407 2131 losaphat
419 2034 464 2105 ad
475 2034 551 2106 loca
565 2060 682 2107 contra
696 2036 880 2128 Iordanem,
895 2062 959 2132 que
974 2037 1150 2133 respiciunt

109 2141 149 2214 ad
165 2141 357 2216 Sodomam
374 2147 408 2214 dt
426 2143 665 2216 Gomorrham.

248 2385 347 2457 XXll.
367 2387 502 2482 llafilt'ca
522 2388 632 2454 Sant‘le
647 2386 723 2453 Sion
740 2384 771 2452 ὁ
789 2388 1004 2474 monasterium.

156 2565 290 2639 Deinde
299 2571 449 2642 venimus
457 2571 491 2641 in
500 2572 650 2667 bastlicanr
659 2574 799 2640 Suadam
809 2573 832 2638 S
833 2575 895 2656 ion,
907 2567 962 2640 ubi
972 2569 1044 2640 lunt
1053 2571 1149 2640 mira-

112 2671 185 2746 bilia
201 2675 318 2766 multa,
332 2679 493 2775 interque
507 2678 562 2770 est,
577 2677 670 2774 quod
683 2677 802 2775 legitur
814 2675 857 2748 de
870 2678 974 2771 sapide
987 2681 1148 2772 angulare,

115 2783 167 2876 qui
193 2781 387 2879 reprobatus
409 2786 454 2856 est
476 2783 518 2856 ab
543 2783 776 2857 edificantibus.
805 2780 962 2880 lngrelsus
984 2786 1149 2856 Dominus

116 2890 146 2958 in
161 2890 267 2986 ipsam
279 2889 459 2982 ecclefiam,
480 2917 545 2987 que
559 2891 619 2962 fuit
631 2889 751 2962 domus
769 2891 869 2961 saneti
888 2888 1007 2982 lacobi,
1024 2892 1150 2963 invenit

114 2994 254 3092 lapidem
267 2997 363 3069 istum
381 2996 567 3070 deformem
583 3001 618 3068 in
634 2998 745 3070 medio
762 2999 936 3086 iacentem,
952 2999 1055 3070 tenuit
1072 3025 1149 3070 eum

115 3103 274 3199 &posuit
296 3107 329 3176 in
352 3105 524 3204 angulum:
547 3131 645 3202 quem
667 3127 757 3176 tenes
777 3103 918 3175 &levas
940 3104 974 3174 in
998 3103 1149 3176 manibus

116 3211 182 3299 tuis,
201 3215 235 3282 δι
252 3215 351 3309 ponis
369 3239 481 3283 aurem
494 3214 528 3282 in
542 3211 667 3308 angulo
684 3211 756 3307 ipso
773 3206 950 3281 &sonabit
966 3211 1001 3280 in
1018 3211 1148 3284 auribus

117 3319 174 3387 tuis
185 3318 275 3414 quast
284 3320 465 3390 multorum
474 3318 649 3389 hominum
658 3303 879 3390 murmuratio.
893 3323 925 3390 ln
939 3320 1007 3415 ipsa
1017 3315 1149 3389 ecclesia

117 3425 157 3493 est
172 3429 321 3514 columna,
346 3431 397 3497 aba·
411 3433 564 3496 Dominus
581 3429 763 3520 flagellatus
780 3435 830 3520 est,
848 3430 882 3498 in
907 3452 974 3522 qua
990 3425 1147 3496 columna

119 3531 176 3602 tale
188 3533 232 3602 est
243 3531 389 3632 sgnum:
398 3531 480 3604 dum
493 3559 568 3604 eam
577 3531 713 3629 quidam
726 3533 895 3630 amplexus
906 3529 1023 3624 fuisset,
1034 3536 1148 3629 pet‘tus

120 3637 181 3710 eius
204 3636 327 3711 adhesn
347 3641 468 3736 inipso
487 3664 662 3730 marmore,
682 3641 717 3708 dt
734 3664 851 3710 manus
868 3636 966 3710 ambe
983 3641 1018 3708 δι
1037 3637 1148 3734 palme

119 3741 256 3842 &digiti
279 3746 314 3814 in
330 3745 399 3840 ipsa
417 3769 510 3842 petra
528 3768 698 3841 apparent,
721 3745 766 3815 ita
788 3769 824 3815 ur
840 3743 918 3815 inde
936 3769 997 3841 pro
1016 3741 1147 3842 singulis

118 3847 323 3948 languoribus
340 3853 491 3922 mensura
504 3851 646 3942 tollatur,
659 3854 694 3921 δε
708 3853 764 3946 qui
778 3852 865 3922 circa
877 3851 1002 3922 collum
1015 3846 1146 3940 habent,

120 3956 273 4030 sanantur.
293 3963 328 4030 ln
344 3959 412 4056 ipsa
429 3958 587 4029 columna
605 3957 650 4029 est
665 3983 769 4030 cornu
791 3956 882 4050 illud,
905 3957 946 4030 de
968 3982 1037 4053 quo
1054 3981 1147 4054 reges

120 4063 327 4161 ungebantur,
346 4070 381 4135 ἃ
402 4063 521 4136 David.
547 4063 592 4136 lbi
613 4065 658 4135 est
679 4067 713 4136 δι
729 4093 839 4137 corona
848 4069 972 4160 spinea,
992 4088 1058 4159 qua
1075 4064 1146 4134 Do·

122 4173 218 4242 minus
231 4173 291 4244 fuit
303 4196 492 4264 coronatus,
505 4175 539 4242 ἃ
549 4175 665 4260 lancea,
676 4172 719 4243 de
732 4197 798 4270 qua
809 4173 844 4244 in
857 4172 956 4242 latere
970 4169 1146 4268 perculsus,

153 4426 174 4460 t.
193 4413 218 4463 Ρ.
237 4411 369 4484 scalptum.
