3354 5706
484 544 549 625 150
898 547 1092 599 ARcurrus

476 793 528 863 lV.
555 797 606 862 De
631 799 698 888 ipso
724 797 838 889 lupide,
867 800 920 886 qui
946 797 987 863 od
1010 799 1114 886 ostium
1140 799 1321 865 monumenti
1349 794 1504 864 advolutus

521 926 603 988 erat,
626 928 710 993 quem
734 903 859 996 angelus
878 906 1019 987 Domini,
1045 904 1083 970 de
1100 903 1165 970 celo
1182 902 1371 994 descendens,
1394 905 1459 993 post

555 1010 797 1101 resurree‘lionem
810 1015 875 1078 eius
888 1009 1027 1094 revolvit,
1043 1010 1080 1076 de
1094 1013 1217 1102 tugurio
1230 1007 1261 1076 se
1264 1008 1421 1101 sepulcro.

522 1143 585 1216 Sed
603 1147 686 1217 inter
702 1147 774 1240 hec,
792 1147 834 1219 de
847 1147 905 1218 illo
924 1148 1018 1244 supra
1039 1171 1225 1218 memorato
1243 1143 1364 1242 lapide,
1391 1146 1447 1241 qui
1462 1142 1504 1216 ad

474 1252 591 1323 ollium
614 1254 823 1326 monumenti
839 1253 1011 1344 dominici,
1033 1254 1107 1350 post
1128 1250 1223 1350 ipfius
1242 1253 1382 1324 Domini
1406 1254 1505 1324 cruci·

473 1359 528 1431 fixi
552 1359 779 1455 sepultionem,
809 1360 919 1432 multis
942 1359 1198 1432 trucidantibus«
1222 1359 1308 1450 viris,
1334 1357 1507 1430 advolutus

474 1467 529 1559 est,
553 1463 691 1539 breviter
715 1467 936 1540 intimandum
962 1466 1028 1540 esse
1056 1465 1199 1540 videtur:
1226 1492 1327 1562 quem
1356 1467 1508 1538 Arculsus

473 1573 658 1645 intercisum
682 1577 718 1644 ἃ
741 1575 776 1645 in
800 1574 881 1647 duas
903 1573 1044 1647 divisum
1065 1599 1171 1671 partes
1192 1574 1303 1666 refert,
1326 1575 1416 1644 cuius
1436 1599 1510 1671 pars

473 1682 593 1772 minor,
613 1679 813 1753 ferramentis
832 1680 955 1773 dolata,
980 1679 1177 1776 quadratum
1198 1680 1297 1751 altare
1313 1681 1349 1751 in
1367 1678 1511 1750 rotunda

473 1790 568 1885 supra
587 1785 747 1884 descripta
764 1786 896 1860 ecclesa
913 1813 988 1860 ante
1006 1787 1124 1858 ostium
1141 1788 1215 1884 sepe
1233 1786 1317 1857 illius
1335 1789 1512 1858 memorati

473 1895 602 1992 tugurij,
624 1893 690 1963 hoc
711 1895 755 1964 est
777 1892 937 1964 dominici
954 1895 1174 1986 monumenti,
1191 1893 1275 1965 stans
1296 1893 1511 1964 constitutum

473 2000 625 2093 cernitut3
655 2002 762 2070 maior
785 2007 864 2072 vero
890 2001 974 2072 illius
999 2000 1115 2098 lapidis
1140 2027 1230 2097 pars,
1258 2025 1343 2096 eque
1367 2001 1512 2071 circum-

474 2103 596 2196 dolata,
622 2106 656 2177 in
680 2106 831 2178 orientali
857 2106 1004 2179 eiusdem
1031 2103 1163 2178 ecclefie
1189 2107 1280 2197 loco,
1298 2105 1513 2204 quadrangu-

471 2211 542 2283 lum
557 2210 646 2283 aliud
662 2213 773 2304 altare,
791 2212 849 2285 sub
866 2212 1108 2286 linteaminibus
1127 2212 1303 2284 stabilitum
1320 2213 1429 2284 exstat.

521 2320 573 2390 De
602 2317 685 2390 illius
716 2345 797 2418 ergo
827 2344 919 2417 petre
950 2320 1126 2408 coloribus,
1160 2324 1195 2392 in
1226 2345 1292 2416 qua
1322 2319 1404 2391 illud
1435 2321 1511 2418 sepe

474 2423 599 2496 dietum
622 2429 789 2525 tugurium
814 2426 1003 2499 dolatorum
1027 2429 1230 2500 ferramentis
1251 2428 1385 2499 interius
1410 2453 1509 2501 cava-

473 2557 543 2605 tum
575 2531 731 2606 habeturb
756 2531 1030 2631 dominicumque
1060 2535 1241 2632 sepulcrum
1268 2535 1301 2604 in
1327 2533 1511 2630 aquilonali

472 2640 549 2712 loco
579 2638 675 2738 ipstus
699 2639 834 2731 habens,
862 2639 905 2713 de
930 2669 995 2713 una
1021 2640 1206 2737 eademque
1232 2665 1326 2738 petra
1355 2640 1510 2733 excisum,

472 2771 539 2842 qua
567 2750 602 2817 dt
636 2771 892 2819 monumentum
921 2749 997 2841 eslf
1026 2750 1092 2820 hoc
1118 2750 1172 2840 est,
1198 2748 1305 2845 ipsum
1330 2747 1510 2845 tugurium,

471 2853 633 2944 Arcttlfirs,
659 2880 754 2925 ame
773 2857 1004 2956 interrogatus,
1027 2854 1126 2928 dixit:
1149 2852 1230 2927 lllud
1252 2853 1414 2926 dominici
1435 2881 1510 2926 nro-

471 2962 620 3032 numenei
660 2963 839 3058 tugurium,
885 2963 975 3034 nullo
1010 2961 1117 3034 modo
1157 2962 1345 3033 intrinsecus
1389 2987 1509 3034 ornatu

471 3071 603 3160 tedium,
630 3068 731 3163 usque
752 3066 852 3140 hodie
877 3095 935 3166 per
953 3094 1059 3141 totam
1082 3070 1149 3140 eius
1175 3067 1386 3142 cavaturamd
1408 3068 1509 3141 ferra-

470 3201 663 3248 mentorum
683 3174 825 3246 ostendit
845 3177 990 3275 vestigia,
1016 3176 1133 3273 quibus
1155 3175 1321 3247 dolatores
1340 3174 1403 3249 srve
1420 3178 1510 3247 exci-

470 3283 555 3354 sores
572 3283 606 3352 in
624 3280 745 3353 eodem
763 3280 807 3354 us1
825 3285 898 3357 sunt
915 3310 1034 3382 opere:
1052 3284 1147 3355 color
1163 3309 1242 3354 vero
1262 3283 1345 3354 illius
1363 3281 1511 3354 eiusdem

470 3413 562 3487 petre
587 3393 855 3464 monumenti&
881 3393 1017 3490 sepulcri
1044 3417 1115 3464 non
1143 3417 1238 3483 unus,
1263 3389 1319 3462 sed
1340 3388 1408 3462 duo
1435 3415 1510 3486 per-

470 3497 563 3569 mixti
586 3495 749 3590 videntur,
776 3498 871 3571 ruber
897 3503 1022 3596 itaque*
1049 3503 1084 3570 ἃ
1101 3496 1203 3589 albus,
1222 3495 1361 3569 unde&
1378 3495 1511 3569 bicolor

471 3602 590 3675 eadem
611 3602 789 3676 ostenditur
805 3631 906 3703 petra.
934 3605 998 3678 Sed
1016 3604 1058 3678 de
1084 3604 1131 3677 his
1156 3605 1212 3676 isla
1230 3603 1390 3676 sufficiant
1408 3603 1509 3678 dieta.

470 3819 511 3890 V.
537 3823 589 3888 ‘De
606 3821 725 3915 ecclefio
742 3823 851 3890 Sandle
868 3823 996 3908 Marii,
1015 3848 1071 3912 que
1091 3824 1216 3891 rotunde
1237 3829 1356 3892 coleret
1375 3825 1508 3920 ecclefie.

518 3960 676 4032 Ceterum
717 3960 759 4032 de
792 3961 979 4034 sanilotunr
1019 3963 1179 4033 structuris
1213 3963 1367 4035 locorum
1399 3991 1511 4063 pauca

468 4064 624 4139 addenda
647 4069 718 4140 sunt
742 4067 860 4164 aliqua.
888 4069 934 4140 llli
959 4068 1101 4141 rotunde
1128 4069 1261 4142 ecclesie
1284 4070 1376 4167 supra
1400 4073 1510 4170 sepius

505 4253 527 4286 a.
543 4237 584 4304 ὰς
596 4234 630 4288 al.
649 4236 815 4290 tradentibus.
830 4265 864 4276 -
878 4238 903 4290 b.
918 4237 954 4303 t„
1018 4255 1039 4290 c.
1051 4241 1092 4304 G„
1100 4238 1141 4289 est.
1153 4267 1186 4277 -
1197 4239 1224 4291 d.
1233 4241 1305 4305 V.,R.
1312 4249 1510 4294 numeraturum.

471 4317 510 4381 B„
522 4317 547 4369 P.
565 4332 662 4385 129433
682 4315 716 4370 al,
734 4333 777 4371 om.
793 4317 907 4370 habetur.
921 4347 955 4360 -·
1018 4336 1040 4374 e.
1054 4319 1140 4384 Betim
1157 4318 1192 4371 as.
1207 4319 1303 4392 utique.
