3354 5706
435 499 487 552 ΒΕ
510 497 615 554 mels
639 497 807 554 tuticus.
1064 500 1130 578 203

336 961 512 1034 ARCUIH
536 960 716 1032 utttuo
741 960 902 1032 ALTERA

465 1163 520 1231 (Ex
532 1163 590 1216 cod.
603 1162 773 1231 Caduinensr.)

201 1395 317 1485 Incipit
334 1396 391 1462 iter
407 1391 534 1482 rArcnlfi
549 1393 682 1486 episcopi
699 1391 840 1486 degente
858 1391 1030 1462 Gallorum.

103 1617 339 1748 ARCULFUS
351 1615 452 1668 sandiua
465 1613 611 1685 episcopua,
623 1625 702 1684 gente
717 1613 821 1680 Gallus,
834 1613 994 1667 diversorum
1010 1614 1132 1668 locorum

163 1709 334 1750 remotorum
343 1712 420 1748 verua
431 1695 513 1764 longe
521 1693 601 1748 iudex
613 1695 638 1747 lt
650 1694 709 1748 satie
721 1693 834 1747 idoneue
846 1693 923 1759 testie,
936 1693 1002 1748 mihi
1012 1695 1136 1749 Addam·

101 1793 169 1828 nano
178 1778 229 1830 hec
241 1775 362 1828 universa
370 1775 468 1842 retulit,
481 1792 534 1844 que
545 1773 687 1844 diligenter
700 1773 818 1828 universa
827 1773 938 1828 scribere
948 1773 1046 1828 curavi.
1057 1775 1135 1828 Prius

102 1858 132 1909 de
139 1856 186 1908 itu
195 1855 350 1920 Ierusalem,
359 1853 435 1908 cuiue
444 1871 583 1908 murorum
593 1853 725 1908 ambitum
733 1853 864 1907 circuiens
872 1855 1009 1923 oitoginta
1020 1866 1137 1925 quatuor

102 1935 253 1990 numeravit
272 1946 357 1988 turres
377 1935 401 1986 it
418 1945 507 2004 ponae
526 1935 576 1988 sea.
598 1933 689 1988 Prima
705 1944 783 2004 porta
803 1933 900 2000 David,
918 1935 953 1987 ab
969 1933 1135 1989 occidentale

103 2028 174 2085 parte
196 2015 299 2068 montis
320 2013 398 2078 Sion;
420 2014 535 2066 secunda
555 2027 632 2084 porta
654 2013 695 2067 vie
707 2013 835 2078 villonis;
853 2013 934 2067 tercia
955 2027 1033 2084 poma
1049 2015 1136 2068 Saniii

104 2095 237 2166 Stephani,
251 2095 299 2148 ubi
312 2094 443 2164 lapidatur
455 2093 504 2161 eli3
516 2105 609 2164 quarta
622 2105 700 2164 porta
714 2092 855 2146 Beniamin
860 2119 868 2162 ς
886 2093 980 2164 quinta
994 2105 1136 2165 portaque

106 2175 138 2230 eli
149 2193 238 2248 parva,
253 2174 302 2228 ubi
313 2191 360 2244 per
372 2174 469 2243 grados
486 2184 643 2244 properatur
658 2173 787 2245 usquead
801 2172 897 2227 uallem
911 2174 1048 2243 losaphate
1066 2175 1137 2228 sexta

105 2268 177 2328 porta
190 2253 345 2310 Thecuitia.
360 2253 414 2307 Hic
427 2253 463 2307 eli
475 2253 541 2307 ordo
555 2264 692 2324 portarum
708 2255 733 2307 it
746 2253 868 2307 turrium.
884 2255 915 2305 ln
928 2253 1016 2307 media
1029 2252 1136 2307 civitate

106 2336 139 2389 eit
155 2336 232 2390 valde
255 2334 364 2405 grandia
381 2333 497 2400 coeletia,
513 2345 570 2388 tota
589 2334 707 2405 lapidea,
725 2334 792 2388 mira
810 2333 976 2387 rotunditate
993 2334 1135 2400 collocata,

108 2435 185 2488 quam
209 2415 353 2469 sustentant
375 2415 518 2468 duodecim
540 2414 606 2468 mire
626 2413 819 2484 magnitudinis
835 2413 989 2484 columpne,
1013 2413 1042 2467 in
1061 2415 1138 2468 cuius

109 2496 194 2551 medio
218 2495 304 2568 spatio
331 2494 411 2548 huius
432 2493 563 2548 interioria
582 2495 679 2548 domuc
704 2495 849 2550 rotundum
873 2494 909 2546 eil
930 2506 1137 2548 monumentum

110 2577 228 2642 Domini,
240 2576 269 2629 in
278 2585 353 2646 petra
363 2575 480 2628 excisum
494 2575 565 2646 quali
577 2573 727 2645 tugurium,
740 2575 836 2646 inquo
850 2573 959 2645 poliunt
969 2574 1037 2628 terni
1050 2574 1137 2628 horni-

110 2675 152 2710 nee
167 2657 261 2710 slantes
273 2673 358 2709 orare.
371 2657 408 2709 Et
419 2653 542 2725 quamvis
553 2665 611 2707 tota
624 2653 723 2707 domuc
739 2653 786 2706 illa
804 2666 1010 2708 monumentum
1025 2654 1137 2707 Domini

110 2737 260 2809 appelletur,
272 2735 428 2807 Sepulcrum
447 2747 536 2788 tamen
557 2733 663 2805 proprie
675 2733 772 2787 dicitur
789 2733 833 2787 ille
852 2733 927 2787 locus
943 2733 1073 2803 tugurioli
1090 2733 1138 2805 qui

110 2818 142 2870 eii
153 2817 180 2870 in
192 2815 345 2888 aquilonari
356 2825 429 2886 parte
442 2815 620 2881 monumenti,
633 2815 661 2867 in
674 2831 730 2885 quo
739 2813 917 2867 Dominicum
928 2830 1025 2884 corpus
1033 2813 1140 2868 involu-

110 2911 164 2952 tum
176 2895 378 2951 linteaminibus
390 2893 480 2949 iacuit.
496 2895 524 2947 A
540 2895 693 2964 pavimento
712 2895 795 2964 usque
810 2894 845 2947 ad
857 2893 1013 2964 Sepulcrum
1027 2895 1139 2948 Domini

112 2979 155 3031 ubi
166 2978 248 3032 iacuit
261 2976 377 3030 altitudo
389 2985 505 3046 quatuor
522 2973 669 3043 digitorum
685 2974 781 3028 habere
798 2972 944 3026 dinoscitur
960 2972 1139 3028 altitudinem.

111 3061 212 3129 inquo
225 3057 355 3129 Sepulcro
374 3055 418 3109 die
437 3056 463 3108 it
482 3055 560 3108 notte
576 3054 721 3108 duodecim
740 3053 885 3124 lampades,
900 3052 975 3106 iuxta
995 3071 1137 3108 numerum

113 3138 249 3192 duodecim
263 3135 455 3208 apostolorum,
466 3136 567 3206 semper
579 3133 807 3192 ardentealucent.
821 3133 888 3187 Alia
899 3132 935 3186 eli
943 3150 1004 3186 vero
1014 3152 1140 3204 pergran-

113 3218 149 3272 dis
160 3218 270 3272 ecclelia
283 3216 317 3270 ad
329 3215 457 3269 orientem
470 3217 540 3270 versa
550 3217 577 3269 in
591 3215 639 3268 illo
648 3214 777 3268 fabricata
790 3213 861 3280 loco,
873 3231 926 3285 que
939 3214 1060 3268 hebraice
1073 3216 1141 3270 Gol-

114 3300 191 3368 gotha
202 3309 325 3363 vocatur,
340 3295 420 3350 latine
435 3307 523 3350 autem
538 3295 659 3352 calvarie
672 3311 758 3360 mono,
772 3293 800 3346 in
813 3312 867 3364 qua
880 3293 966 3365 passus
978 3294 1013 3348 est
1022 3295 1142 3349 Salvator

115 3379 209 3432 mundi.
222 3380 255 3432 In
267 3377 358 3431 vicina
370 3393 431 3430 vero
440 3375 562 3430 orientali
575 3385 648 3446 parte
661 3376 768 3428 coheret
781 3373 886 3427 bafilica
904 3393 920 3426 a
934 3391 996 3444 rege
1013 3375 1141 3429 Constan-

115 3457 167 3511 tino
178 3475 281 3529 magno
294 3457 370 3511 cultu
383 3455 528 3510 contentu
542 3474 595 3527 que
604 3454 753 3510 martirium
768 3453 926 3525 appellatur,
936 3453 965 3508 in
978 3472 1010 3508 eo
1020 3454 1081 3509 loco
1094 3455 1142 3509 ubi

116 3555 176 3590 cnm
186 3536 311 3604 Domini,
328 3553 390 3590 cum
409 3535 467 3590 aliis
479 3536 624 3603 latronum,
641 3537 689 3590 iub
701 3547 769 3588 terra
781 3533 937 3587 abscondita
950 3533 991 3587 eit
1010 3533 1141 3588 lutterhus

116 3619 176 3670 duae
195 3616 314 3672 ecclefiau
331 3615 367 3670 eli
381 3615 428 3669 ille
445 3615 562 3670 famosus
579 3616 665 3681 locut,
683 3615 731 3670 ubi
751 3615 874 3669 Abraam
892 3613 1040 3685 patriarcha
1061 3613 1142 3668 altare
1209 3639 1212 3647 ·

117 3697 259 3770 composuit
279 3698 355 3768 super
371 3696 466 3751 struem
480 3696 626 3766 lignorum,
643 3708 674 3749 ut
684 3695 837 3749 immolaret
851 3695 939 3748 Ysaac
957 3694 1042 3748 filium
1057 3695 1141 3748 suum.

117 3777 180 3831 Illuc
195 3779 288 3850 itaque
301 3777 390 3832 mensa
404 3777 517 3830 habetur
529 3775 626 3848 lignea,
638 3777 807 3848 superquam
821 3792 968 3846 pauperum
982 3773 1139 3827 helemosrne

118 3857 402 3912 afferuntur.1nterhas
415 3874 528 3928 namque
541 3856 659 3910 ecclefias
673 3856 708 3909 eli
716 3854 831 3927 placiola
843 3864 1005 3908 marmorata
1016 3852 1142 3923 usquead

118 3937 243 3992 baliscam
269 3935 437 3992 Constantini
455 3937 481 3989 it
499 3937 581 4008 usque
601 3935 736 3990 ecclesiam
762 3935 961 4004 Golgotanam,
991 3951 1045 4006 que
1067 3931 1143 3987 valde

119 4017 289 4086 pulcherrima
307 4015 349 4070 est.
366 4017 399 4067 In
416 4015 506 4069 medio
517 4033 578 4069 vero
591 4015 705 4070 civitatis
719 4013 753 4068 eli
765 4014 912 4086 columpna
924 4013 1026 4078 flatum,
1040 4012 1068 4066 in
1082 4013 1144 4066 loco

120 4097 162 4149 ubi
173 4109 293 4152 mortuus
307 4095 409 4150 iuvenis
423 4112 501 4150 cruce
515 4094 629 4150 Domini
642 4095 799 4166 superpoiita
816 4095 916 4150 revixit.
931 4094 1005 4148 Mira
1015 4111 1066 4160 res,
1080 4091 1145 4163 quia

121 4174 145 4228 in
154 4175 227 4231 estivo
238 4188 359 4250 tempore
372 4176 522 4232 meridianis
534 4177 615 4243 horis,
626 4177 734 4250 quando
744 4175 884 4230 solsticium
898 4173 941 4242 est,
953 4176 1075 4228 umbram
1089 4191 1144 4226 non

122 4253 192 4326 iacit3
200 4257 314 4312 solsticio
322 4268 409 4314 autem
417 4258 555 4326 micilo,
561 4257 618 4332 post
627 4269 678 4312 tres
687 4255 742 4311 dies
751 4258 870 4310 umbram
881 4255 995 4328 primum
1004 4253 1076 4309 lacit
1084 4252 1144 4308 1³0st
