3354 5706
536 551 607 623 208
951 569 1145 623 Ancumns

535 801 650 862 quatuor
673 787 894 859 patriarcharum:
913 788 1054 856 Abraam,
1079 790 1166 844 Ysaac
1186 790 1312 843 &Iacob
1330 790 1357 842 dr
1374 789 1468 842 Adam
1485 788 1558 859 primi

533 870 662 937 hominis,
675 887 791 940 quorum
803 869 893 940 plante
908 869 1018 940 pedum,
1031 887 1084 924 non
1094 869 1160 924 ficut
1172 869 1200 924 in
1212 870 1270 924 aliia
1283 869 1439 940 regionibus
1447 869 1561 924 converti

533 951 615 1006 moris
637 949 680 1015 eli,
698 949 741 1003 sed
761 949 795 1002 ad
815 948 953 1002 meridiem
970 949 1039 1004 verse
1058 951 1084 1003 rc
1103 950 1189 1022 capita
1210 962 1304 1004 contra
1316 949 1472 1021 aquilonem
1484 948 1563 1020 pofita

532 1035 604 1100 sunt3
617 1030 663 1102 qui
680 1029 755 1083 locus
777 1027 906 1101 quadrato
922 1029 1039 1084 ambitur
1053 1049 1144 1098 murm
1159 1031 1202 1085 sed
1223 1031 1373 1101 sepulcrum
1387 1031 1483 1084 Adam
1495 1029 1563 1099 sepa-

531 1111 610 1167 ratim
630 1131 646 1166 a
668 1113 752 1166 tribus
772 1113 805 1165 ad
823 1111 979 1166 orientalem
1000 1110 1106 1182 plagam
1129 1112 1259 1182 quadrato
1278 1110 1366 1182 lapide
1386 1110 1562 1166 constructum

533 1192 574 1246 eli.
589 1192 677 1247 Ceteri
690 1205 742 1246 tres
754 1192 902 1263 patriarche
915 1191 1033 1263 sepulcra
1050 1192 1148 1246 habent
1164 1193 1197 1245 de
1213 1191 1309 1246 dolatis
1327 1193 1353 1244 dr
1368 1192 1492 1245 candidis
1504 1190 1567 1263 lapi·

532 1271 619 1339 dibus,
633 1273 706 1326 iuxta
719 1275 867 1327 mensuram
877 1271 1053 1342 longitudinis
1066 1273 1091 1325 dt
1101 1271 1248 1326 latitudinis
1258 1271 1471 1344 uniuscuiusque
1484 1273 1566 1342 sepnl·

531 1353 579 1420 cri,
591 1354 731 1408 Abraham
752 1354 859 1420 scilicet,
870 1353 957 1406 Ysaac
975 1354 1000 1406 dr
1015 1354 1105 1406 Iacob.
1120 1352 1171 1406 Sed
1192 1352 1341 1423 sepulcrum
1361 1353 1457 1406 Adam
1473 1353 1567 1406 obscu-

530 1433 605 1489 rioris
628 1434 770 1488 &vilioris
791 1434 878 1506 operia
900 1435 1018 1488 habetur.
1046 1432 1172 1486 Similiter
1192 1431 1273 1486 trium
1296 1432 1461 1486 seminarum
1487 1436 1568 1497 Sarrc,

532 1515 654 1570 Rebecca
676 1516 701 1568 dr
719 1516 767 1568 Lie
789 1514 932 1569 memorias
953 1513 1052 1568 vilioris
1074 1531 1162 1585 opere,
1182 1511 1253 1566 idem
1274 1512 1413 1584 conspexit
1432 1513 1567 1568 Arculim

532 1598 701 1651 humatarum
725 1596 752 1648 in
771 1607 846 1649 terra.
860 1595 991 1665 Angulua
1011 1610 1073 1648 vero
1095 1593 1140 1646 ille
1153 1592 1302 1664 sepulcralia
1314 1612 1331 1645 a
1346 1609 1426 1646 muro
1438 1593 1490 1647 illo
1503 1595 1568 1648 anti·

531 1676 653 1748 quiffimo
673 1677 784 1730 Hebron
803 1676 837 1728 ad
858 1675 986 1729 orientem
1008 1674 1094 1728 versus
1119 1673 1146 1726 in
1171 1672 1250 1725 unius
1269 1671 1339 1740 stadii
1362 1672 1453 1744 spacio
1477 1673 1568 1726 distare

529 1757 682 1811 dinoscitur.
696 1757 765 1810 Nam
776 1756 831 1825 (ſse)
839 1756 873 1809 de
884 1754 954 1809 colle
966 1754 1092 1807 Mambre
1100 1751 1256 1822 dicendum3
1267 1751 1343 1806 collis
1354 1753 1487 1806 Mambre
1497 1754 1568 1807 mille

530 1839 644 1909 pailibus
653 1857 669 1890 a
682 1835 862 1890 monumentis
874 1834 1082 1907 patriarcharum
1096 1833 1131 1886 ad
1142 1834 1251 1885 boream
1265 1833 1398 1903 separatus
1411 1833 1501 1901 dillat,
1510 1836 1568 1887 ber·

529 1919 608 1972 bosus
620 1917 696 1972 valde
708 1919 733 1970 dr
746 1916 864 1982 floridus,
877 1917 1011 1986 habetque
1023 1914 1050 1966 in
1064 1912 1204 1967 cacumine
1225 1912 1396 1983 campeſtrem
1409 1913 1565 1983 planiciem,

530 1998 576 2051 ubi
600 1998 627 2050 in
646 1997 796 2051 summitate
818 1997 851 2049 ad
871 1995 1024 2066 aquilonem
1048 1994 1151 2066 lapidea
1172 1994 1285 2047 habetur
1297 1992 1413 2046 ecclelia.
1440 1996 1475 2047 In
1489 1994 1563 2048 eninr

530 2080 639 2134 dextrali
652 2092 724 2151 parte
738 2078 805 2132 inter
820 2078 888 2131 duca
908 2077 1021 2149 parietes
1034 2076 1148 2132 eiusdem
1169 2074 1283 2141 ecclcfie,
1305 2091 1422 2146 quercus
1438 2076 1564 2130 Mambre

530 2172 601 2214 extat
622 2161 649 2213 in
670 2172 739 2214 terra
757 2160 883 2226 radicata,
905 2159 951 2212 ubi
965 2159 1086 2212 Abraam
1109 2157 1218 2226 angelon
1239 2155 1357 2226 hospicio
1371 2157 1498 2227 suscepit;
1520 2158 1563 2210 nbi

529 2240 646 2310 prefatus
667 2239 800 2294 Arculfus
822 2249 975 2292 truncatum
999 2237 1114 2308 spurium
1139 2237 1164 2289 dr
1183 2235 1330 2289 radicatum
1350 2235 1469 2290 interra
1493 2237 1562 2290 vidit·

531 2320 635 2374 Retulit
647 2321 726 2373 etiam
742 2321 815 2390 quod
828 2319 931 2373 Iericho
947 2319 1039 2371 urbem
1053 2315 1157 2383 viderit,
1167 2334 1249 2387 quam
1262 2317 1340 2370 Iosue
1352 2317 1471 2370 Iordane
1485 2318 1562 2371 trani·

530 2400 604 2454 milio
620 2401 751 2455 subvertit
764 2401 817 2453 Pro
827 2417 881 2470 qua
890 2403 946 2452 Oea
955 2399 988 2452 dc
996 2399 1090 2452 Bethel
1103 2417 1134 2452 ex
1147 2399 1217 2453 tribu
1230 2398 1334 2452 Ehaim
1348 2398 1429 2452 aliam
1441 2395 1561 2462 extruxit,

529 2499 610 2551 quam
623 2480 758 2534 Dominus
772 2479 900 2550 presentia
914 2480 957 2533 sua
970 2477 1137 2532 illuminarit.
1153 2480 1291 2550 Tempore
1304 2479 1404 2551 itaque,
1418 2497 1476 2550 quo
1492 2480 1561 2532 lem·

529 2560 608 2615 salem
619 2572 696 2633 capta
709 2560 743 2614 eil
753 2579 769 2614 a
778 2558 919 2626 Romanis,
929 2571 1035 2630 propter
1044 2559 1142 2614 civium
1155 2559 1292 2630 perfidiam
1308 2570 1388 2630 capta
1397 2560 1424 2612 dr
1436 2557 1560 2612 destruih

529 2640 571 2694 eli.
592 2643 644 2696 Pro
664 2660 718 2712 qua
739 2639 848 2694 condita
863 2639 899 2693 eli
917 2639 968 2692 alia
982 2658 1035 2710 que
1047 2637 1104 2710 poll
1120 2639 1236 2692 multum
1254 2650 1361 2710 tempua
1379 2638 1498 2693 limiliter
1509 2639 1560 2691 del·

527 2723 613 2775 trulla
626 2720 673 2788 eli,
687 2721 764 2775 cuius
778 2721 866 2774 adhuc
878 2720 951 2774 ruine
973 2718 1156 2773 monstrantur.
1176 2720 1280 2772 Mirum
1293 2719 1377 2784 diblu,
1398 2719 1453 2772 sola
1465 2720 1559 2772 domur

531 2802 608 2855 Raab
621 2800 766 2855 meretricis
778 2811 885 2872 propter
895 2812 946 2852 tres
959 2799 1077 2854 civitates
1089 2800 1116 2852 in
1127 2799 1222 2853 eodem
1233 2800 1294 2854 loco
1304 2800 1447 2854 destrudiaa
1458 2816 1559 2853 reman-

528 2881 568 2951 t‘rt3
588 2882 665 2936 cuiue
685 2880 782 2953 lapidei
800 2882 911 2952 parietes
932 2881 982 2933 srne
1005 2879 1123 2933 culmine
1144 2890 1307 2950 permanent
1331 2880 1397 2950 Sepe
1410 2879 1465 2932 iarn
1479 2877 1559 2931 didm

529 2961 662 3016 Arculsus
675 2962 703 3014 in
714 2961 836 3032 Galgalis
848 2961 976 3031 grandem
990 2960 1124 3013 ecclesiam
1138 2959 1205 3013 vidit
1215 2959 1243 3010 in
1256 2975 1288 3011 eo
1298 2958 1360 3011 loco
1373 2957 1558 3024 constructam,

528 3043 624 3113 inquo
646 3041 692 3110 filij
706 3041 794 3108 lsrael,
816 3041 928 3094 Iordane
941 3039 1105 3110 transgresso,
1118 3038 1199 3093 caina
1217 3039 1309 3092 metati
1330 3039 1398 3092 sunt.
1415 3041 1448 3091 Iu
1462 3039 1558 3109 prelata

528 3124 619 3194 itaque
637 3121 745 3176 ecclesia
765 3121 830 3175 vidit
841 3120 984 3174 duodecim
1000 3121 1108 3191 lapides,
1128 3121 1160 3173 de
1180 3118 1278 3190 quibus
1297 3119 1416 3190 precepit
1428 3119 1558 3174 nominas

527 3203 605 3258 Iosue
619 3203 722 3258 dicente
745 3205 846 3274 Precipe
860 3202 928 3274 filiis
941 3201 1022 3272 Israel
1039 3212 1068 3252 ut
1089 3201 1180 3254 tollunt
1198 3202 1231 3252 de
1251 3199 1331 3251 medr'r
1345 3199 1462 3253 Iordanis
1475 3201 1558 3264 don,

530 3284 574 3337 uri
585 3285 747 3354 sacerdotum
765 3284 890 3354 steterunt
906 3285 992 3353 pedes,
1011 3281 1055 3348 xij
1078 3281 1176 3350 lapides
1200 3297 1259 3349 quos
1275 3281 1372 3349 portetis
1395 3281 1423 3332 in
1446 3281 1497 3334 lere
1517 3280 1559 3333 aei

521 3365 637 3434 fixeritis
658 3367 709 3418 lrac
730 3367 799 3419 node
819 3363 933 3417 tentoria.
955 3364 979 3414 Ε
998 3361 1096 3432 quibua
1112 3360 1172 3432 sepe
1192 3358 1277 3413 didius
1289 3359 1424 3412 Asculiua
1438 3361 1480 3414 sex
1497 3359 1558 3412 vidit

529 3442 556 3495 in
568 3443 675 3497 dextera
685 3455 757 3513 parte
765 3443 872 3497 ecclesie
887 3443 912 3495 in
925 3441 1077 3513 pavimento
1088 3440 1203 3493 iacentes
1216 3439 1241 3491 δι
1249 3438 1316 3491 alios
1327 3437 1446 3493 eiusdem
1457 3439 1557 3493 numeri

527 3521 555 3575 in
570 3522 726 3593 aquilonari.
745 3522 820 3576 Vidit
832 3523 911 3577 etiam
925 3523 952 3575 in
966 3521 1085 3590 Galgala
1099 3520 1178 3574 aliam
1197 3517 1333 3573 eccleiiam
1351 3519 1384 3572 ad
1405 3519 1556 3573 orientalem

527 3601 635 3674 plagam
654 3602 763 3674 antique
775 3602 871 3668 lerico,
885 3601 980 3674 quinto
993 3601 1028 3653 ab
1040 3600 1144 3653 Iericho
1159 3599 1281 3666 miliario,
1294 3598 1341 3651 ubi
1355 3599 1553 3652 tabernaculum

526 3680 610 3736 lixum
624 3681 677 3736 suit
690 3683 776 3736 multo
787 3695 918 3753 tempore.
932 3680 1037 3735 Retulit
1048 3679 1129 3733 etiam
1143 3679 1228 3746 nobis,
1238 3678 1301 3750 quia
1310 3678 1355 3733 ille
1366 3679 1447 3746 sacer,
1459 3679 1557 3733 saneim

527 3763 553 3814 8ι
567 3761 730 3816 honorabilis
739 3763 824 3830 locun,
833 3762 862 3815 in
874 3779 929 3834 quo
941 3759 1076 3814 Dominus
1084 3759 1232 3831 baptizatus
1245 3758 1280 3812 eli
1291 3777 1307 3810 a
1317 3759 1448 3822 Iohanne,
1461 3759 1556 3829 semper

527 3841 604 3913 aquis
624 3842 738 3896 fluminis
759 3841 860 3912 tegitur
871 3841 1004 3908 Iordania;
1025 3839 1052 3892 in
1074 3857 1129 3910 quo
1147 3839 1209 3892 loco
1231 3838 1320 3908 lignea
1338 3855 1403 3892 crux
1422 3837 1554 3892 infimi.

527 3923 617 3976 Locus
638 3920 729 3994 itaque
749 3921 865 3976 eiusdem
884 3921 970 3976 crucia
990 3920 1018 3975 in
1040 3937 1095 3994 quo
1109 3919 1245 3974 Dominus
1257 3918 1407 3990 baptizatur
1423 3917 1467 3984 eli,
1488 3919 1553 3972 ulna

528 4001 634 4056 alveum
647 3999 765 4056 fluminis
784 4003 902 4056 habetur.
920 4004 953 4056 In
969 4001 1134 4055 extremitate
1148 4016 1209 4054 vero
1222 3997 1341 4052 fluminis
1353 4000 1466 4053 habetur
1477 4015 1553 4070 parra

529 4079 637 4137 ecclelia
648 4082 704 4150 ubi,
712 4081 777 4137 ficut
787 4083 878 4149 fertur,
885 4077 1196 4136 Dominicarestimenta
1204 4078 1332 4133 custodita
1343 4080 1411 4132 sunt.
1426 4081 1487 4140 Que
1495 4077 1556 4132 bai·

525 4162 578 4216 lica
604 4159 651 4216 stat
670 4161 746 4235 super
765 4179 848 4234 aquae
869 4159 1058 4229 inhabitabilis,
1075 4161 1202 4232 quoniam
1225 4159 1272 4214 sub
1283 4157 1366 4230 ipsam
1382 4157 1445 4212 binc
1461 4160 1487 4212 dr
1499 4157 1556 4212 inde

529 4240 677 4296 subintrant
688 4261 766 4316 aque,
781 4259 834 4314 que
848 4251 964 4312 quatuor
977 4240 1079 4296 cancris
1092 4241 1117 4294 dr
1132 4240 1246 4294 arcubus
1266 4238 1431 4292 sustentatur.
1443 4240 1476 4291 In
1487 4237 1556 4308 supe·

527 4317 639 4374 rioribus
658 4338 719 4375 vero
731 4321 806 4389 locis,
825 4321 877 4374 alia
897 4321 932 4375 eli
951 4320 1057 4376 ecclelia
1075 4319 1103 4374 in
1120 4320 1222 4373 honore
1236 4317 1317 4372 senili
1333 4317 1461 4372 lobannis
1474 4315 1556 4388 bapti·
