3296 5700
308 509 594 565 HODOEPORICON
620 513 645 564 S.
672 512 915 566 WlLLlBALDI.
1058 513 1102 592 25
1109 515 1125 588 ς

81 754 282 826 perpetrare
302 755 442 829 poterat,
465 757 484 802 a
500 731 588 803 sacre
601 731 806 802 institutionis
820 756 938 803 norma
955 757 1025 804 non
1040 758 1128 804 rece·

84 833 236 928 debent,
251 837 307 911 sed
317 835 506 936 propensius
519 839 605 909 sacre
618 837 767 910 ledlionis
776 837 881 909 studio
892 839 1129 934 perseverantes

81 945 300 1038 inherebant,
312 949 400 1018 iuxta
411 947 551 1020 veritatis
564 970 684 1019 uocem
698 946 853 1018 dicentis:
871 950 935 1042 Qi
947 974 1043 1018 aurem
1055 978 1129 1045 per-

77 1057 281 1146 severaverit
296 1059 387 1150 usque
403 1061 435 1124 t'rt
444 1059 550 1146 finem,
567 1060 618 1124 lu'c
625 1056 733 1149 saluus
749 1060 809 1124 erit
826 1049 993 1150 (Math.X,
1007 1060 1079 1150 22).

144 1294 190 1366 X.
211 1298 388 1383 Terracina,
408 1299 529 1384 Caieta,
546 1298 732 1391 Neapolis,
753 1301 916 1392 Rhegium,
942 1299 1071 1386 Carasa,

421 1431 505 1474 maus
523 1409 607 1490 Ema,
625 1407 781 1498 Syracusa.
793 1420 808 1449 ⁰

140 1588 321 1684 Postquam
334 1549 386 1659 ille
397 1588 512 1659 illuster
522 1587 689 1684 clarusque
701 1587 820 1660 Christi
832 1587 995 1660 crucicola
1007 1615 1130 1687 magna

90 1697 217 1766 mentis
230 1697 414 1766 intentione
431 1698 466 1767 ἃ
483 1694 592 1766 cordis
607 1695 888 1792 contemplatione
901 1693 943 1766 ad
956 1695 1129 1792 supernam

89 1803 224 1873 interne
238 1803 304 1873 vite
312 1802 568 1899 speculationem
577 1800 716 1898 provida
725 1801 1036 1899 circumspeslionel
1052 1827 1129 1900 pro-

91 1905 242 2005 perabat,
263 1912 298 1979 &
318 1905 361 1978 ad
384 1906 585 1980 sublimiores
599 1906 759 2006 rigidioris
779 1909 843 1980 vite
860 1909 1013 1980 virtutes‘
1030 1908 1130 1980 anhe-

90 2015 208 2105 lando,
225 2017 294 2086 iam
313 2040 382 2084 non
403 2015 550 2111 planam,
564 2013 620 2086 sed
638 2019 760 2086 arsiam
773 2015 954 2086 austerioris
965 2018 1030 2088 vite
1042 2018 1129 2088 viam

90 2147 150 2219 pet
182 2121 387 2192 monachalis
411 2123 477 2192 vite
506 2144 659 2192 normam
683 2119 843 2192 inhiando
872 2119 1072 2193 defiderabat
1095 2123 1138 2194 δι’

93 2232 258 2304 maiorem
275 2231 342 2301 iam
354 2253 432 2300 tunc
449 2230 718 2328 peregrinationis
731 2229 955 2327 ignorantiam
966 2227 1054 2302 adire
1068 2257 1130 2328 op·

94 2335 185 2409 tabat
194 2362 297 2434 quam
309 2335 365 2408 illa
381 2336 452 2426 suit,
467 2337 501 2407 in
513 2361 578 2432 qua
591 2361 669 2408 tunc
681 2336 760 2408 liare
772 2334 950 2410 videbatur.
964 2337 1060 2408 Tunc
1076 2336 1130 2408 ille

96 2443 254 2532 strenuus,
268 2442 403 2516 consilio
420 2446 602 2518 amicorum
620 2441 917 2541 contribuliumque
930 2444 1058 2518 licentia
1073 2441 1130 2515 sla·

96 2553 210 2648 gitaem
249 2576 285 2623 ut
311 2553 441 2623 suarum
464 2551 680 2648 opitulatione
706 2551 895 2622 orationum
925 2551 1017 2623 illum
1041 2551 1131 2648 sequi

97 2657 321 2756 dignarentur,
338 2655 486 2758 rogabat,
507 2683 552 2749 ut,
571 2656 673 2730 totisd
682 2659 801 2730 itineris
818 2654 969 2750 cursibus,
990 2657 1131 2730 delesla·

98 2763 167 2838 bilis
183 2790 285 2862 atque
304 2763 479 2863 optabilise
495 2767 629 2838 civitatis
641 2765 807 2838 Ierusalem
830 2766 940 2837 menia
958 2791 1130 2864 peragrare

99 2873 320 2969 specularique
332 2899 392 2971 per
402 2873 533 2944 illorum
546 2873 600 2968 pia
615 2898 750 2969 precum
768 2869 930 2969 prefidias
942 2869 1130 2968 possibiliter

100 2977 261 3074 potuisset.
336 3036 339 3040 .

148 3092 304 3182 lamques
317 3088 481 3159 transaois
503 3085 670 3158 dominice
688 3085 846 3182 paschalis
862 3083 1130 3178 solemnitatibus,

102 3195 190 3291 agilis
209 3197 366 3266 exercitus
393 3193 513 3264 levavit
531 3193 562 3263 se
579 3218 656 3263 cum
676 3191 805 3264 duobus
823 3193 885 3262 suis
902 3192 994 3262 sociis
1008 3196 1043 3263 ἃ
1059 3219 1132 3288 per·

102 3327 174 3398 gete
196 3325 369 3397 ceperunt.
394 3301 551 3395 Cumque
569 3325 752 3397 pergerent,
774 3300 1067 3395 veneruntlusque
1089 3298 1132 3370 ad

103 3406 216 3480 urbem
229 3407 422 3480 Terracinam
442 3409 624 3498 moriente,
643 3404 739 3479 &ibi
758 3403 937 3477 manebant
953 3404 1037 3476 duos
1054 3404 1131 3478 dies.

103 3513 136 3586 Et
154 3515 233 3586 inde
251 3537 425 3613 pergentes
443 3512 660 3586 veneruntad
678 3509 792 3584 urbem
807 3513 977 3604 Caietam?
992 3538 1056 3608 que
1073 3511 1133 3581 stat

105 3622 137 3692 in
155 3621 263 3693 littore
276 3621 382 3692 maris.
399 3620 435 3691 bt
450 3617 495 3692 ibi
513 3644 592 3691 tunc
608 3618 819 3691 ascendentes
840 3621 874 3690 in
890 3621 1013 3712 navim,
1030 3617 1131 3692 trans·

105 3726 298 3802 fremuerunt
317 3727 359 3799 ad
375 3730 575 3824 Qeapolt'm.
610 3727 644 3798 Et
662 3727 739 3820 illic,
756 3727 865 3798 relisla
882 3725 998 3814 naue]⁸
1013 3728 1048 3797 in
1067 3749 1134 3821 qua

139 3965 159 3998 a.
182 3951 238 4003 Mu.
258 3949 290 4002 de
313 3949 415 4002 transitu
432 3946 587 4016 Willibaldi5
650 3945 744 3998 labilia.
762 3945 820 3997 —s
835 3948 861 3999 G.
876 3944 1132 4014 subsidia.—g.Mb.,

107 4025 184 4081 ritum
197 4034 221 4082 d.
233 4031 260 4082 itt
271 4031 298 4082 C.
306 4032 370 4080 -b.
378 4045 448 4098 prov.
458 4027 596 4097 circumsp:
650 4031 676 4080 C.
691 4043 807 4095 cumque.
821 4055 857 4064 -
871 4024 896 4076 h.
906 4025 959 4077 Mb.
971 4036 1131 4094 perrexerunt

107 4109 130 4156 d.
142 4108 166 4160 in
176 4111 202 4162 C.
211 4139 247 4149 -
259 4127 282 4163 c.
291 4111 355 4174 Mb„
369 4111 396 4162 C.
407 4108 587 4161 virtutibus—
650 4108 725 4159 &.-
735 4106 750 4158 i.
763 4107 817 4158 Mb.
827 4103 941 4156 Gaium.
955 4135 983 4144 -
993 4103 1013 4171 j.
1024 4104 1077 4156 Mb.
1088 4120 1131 4154 ne·

107 4185 128 4236 d
141 4189 200 4254 tra,
211 4192 238 4242 C.
253 4188 319 4242 tutis.
335 4219 368 4229 —
379 4207 400 4241 e.
413 4179 468 4240 Mb.
480 4187 588 4240 delean·
651 4185 734 4238 bulem
744 4210 751 4253 ς
762 4187 788 4238 C.
803 4183 931 4238 nebulam.

107 4266 170 4336 biles,
182 4269 350 4342 optabiles30.
360 4266 529 4332 deleuabilia,
543 4283 589 4338 op·
