3390 5720
447 483 497 534 nn
515 483 619 537 roms
637 485 804 538 snncrts.
1079 493 1145 561 107

105 723 256 796 XXVIII.
283 727 457 820 Sepulcrum
485 729 613 821 Rachel,
639 731 750 821 Qrmu,
769 732 848 818 fons
865 727 896 796 ἔκ
913 730 1032 822 ecclefiu
1050 733 1144 800 Beate

560 843 689 909 emerit.

152 1022 233 1110 Via,
254 1047 318 1117 que
335 1020 426 1092 ducit
441 1022 639 1113 Bethlehem,
653 1023 803 1093 milliario
817 1023 911 1094 tertio
931 1051 949 1094 a
964 1025 1143 1116 Ierusalem,

105 1137 184 1198 iacet
205 1131 327 1222 chhel
348 1130 552 1225 incorpore,
574 1131 607 1200 in
626 1129 691 1201 fine
709 1131 787 1221 Ioci,
806 1131 863 1225 qui
879 1153 1015 1200 vocatur
1033 1137 1141 1227 Rarum

106 1239 140 1306 In
158 1234 234 1332 ipso
254 1235 332 1305 Ioco
355 1235 432 1327 vidi,
457 1238 489 1306 in
510 1235 620 1306 media
644 1239 707 1326 via,
730 1233 771 1306 de
796 1261 888 1332 petra
913 1238 997 1308 exire
1024 1236 1142 1330 uquam,

106 1341 148 1412 ad
178 1341 374 1412 arbitratum
408 1343 508 1438 usque
537 1340 580 1413 ad
607 1345 759 1415 sextarios
797 1347 883 1436 serf
910 1345 999 1418 unde
1028 1369 1143 1414 omnes

108 1448 286 1545 complent
317 1447 360 1518 ad
395 1450 575 1520 sutietatem
609 1449 754 1542 bibendi,
784 1455 818 1522 Bt
848 1479 954 1548 neque
977 1453 1143 1543 minuitur,

107 1581 218 1652 neque
238 1549 392 1652 nugetur,
418 1558 453 1625 ἃ
477 1557 521 1626 est
543 1557 645 1628 suavis
673 1556 716 1627 ad
738 1558 935 1655 potandum,
958 1557 1081 1649 dicunt,
1101 1584 1142 1628 eo

109 1661 200 1757 quod
231 1667 318 1731 beata
344 1665 472 1749 Maria,
498 1662 626 1758 fugiens
651 1665 685 1734 in
712 1663 883 1762 Egyptum,
905 1667 939 1737 in
970 1667 1040 1762 ipso
1064 1664 1142 1735 Ioco

108 1768 188 1840 ledit
211 1793 292 1838 cum
316 1792 417 1863 puero
439 1770 474 1838 ἃ
498 1766 603 1858 strivit,
628 1772 663 1840 ἃ
685 1768 726 1841 fic
747 1773 907 1843 continuo
933 1769 1144 1843 emanavillet

108 1877 175 1972 ipsa
192 1903 292 1972 aqua.
312 1873 358 1945 Ibi
376 1873 482 1947 modo
500 1878 619 1974 ecclefia
640 1879 821 1949 constructa
839 1880 892 1951 est.

183 2115 303 2186 XXIX.
330 2118 515 2204 Berhleltem,
534 2145 748 2188 monumentum
766 2123 799 2188 S.
818 2123 1008 2212 Hieronymi,
1030 2124 1071 2190 ul

517 2227 551 2294 S.
572 2229 734 2294 Davidem.

159 2406 237 2480 Inde
263 2409 364 2504 usque
386 2411 559 2478 Bethlehem
582 2409 729 2480 milliaria
751 2411 819 2482 tria.
844 2409 878 2481 Et
894 2409 1082 2482 Bethlehem
1100 2413 1143 2482 est

111 2515 200 2586 Iocus
223 2513 432 2612 splendidus:
455 2516 535 2586 servi
552 2516 614 2586 Dei
640 2517 742 2588 multi.
769 2514 814 2588 Ihi
837 2517 881 2588 est
902 2517 1067 2614 spelunca,
1087 2515 1144 2588 ubi

114 2623 262 2693 natusest
276 2624 456 2693 DomInus:
471 2623 505 2692 in
521 2647 585 2718 qua
603 2622 647 2692 est
664 2626 798 2720 presepe
813 2651 851 2694 ex
864 2649 944 2695 auto
959 2626 1143 2722 &argento

114 2753 278 2822 ornatum,
301 2732 336 2800 ἃ
354 2728 406 2800 die
424 2727 613 2824 nonaqueb
628 2729 800 2800 luminaria
820 2728 865 2800 ibi
886 2729 978 2802 fiunt.
997 2731 1047 2801 Os
1064 2757 1143 2803 vero

115 2837 263 2932 spelunce
274 2836 319 2907 ad
331 2834 583 2934 ingrediendum
597 2838 769 2934 angustum
783 2839 932 2909 omnin0.
942 2842 1144 2930 Hieronymus

115 2940 278 3040 presbyter
298 2944 420 3039 inipso
439 2969 496 3013 ote
515 2943 667 3040 I'pelunce
684 2944 788 3040 ipsam
806 2969 935 3040 petram
953 2942 1091 3040 Iculpht,
1109 2946 1144 3014 δι

115 3077 328 3121 monumentum
349 3048 403 3122 fibi
431 3050 520 3140 fecit,
546 3049 601 3121 ubi
622 3052 657 3120 ἃ
678 3049 799 3146 politus
823 3051 875 3122 est.
899 3049 1046 3121 Medium
1072 3051 1143 3120 mil-

115 3156 236 3227 liarium
262 3185 283 3228 a
309 3156 507 3247 Bethlehem,
532 3159 564 3226 in
589 3155 752 3247 suburbi0,
778 3159 864 3228 iacet
885 3155 995 3228 David
1019 3158 1053 3227 in
1071 3182 1143 3227 cor-

116 3288 202 3359 pore,
220 3261 315 3335 simul
331 3265 365 3332 ἃ
381 3265 552 3353 Salomon,
574 3262 657 3334 filius
674 3265 752 3354 eius,
775 3263 843 3334 duo
862 3287 1091 3354 monumenta,
1110 3266 1145 3333 &

118 3371 295 3466 appellatur
322 3370 415 3440 Iocus
442 3369 495 3440 ille
525 3373 645 3468 bafilim
669 3375 776 3442 Sanlh'
798 3375 906 3442 David
916 3403 927 3452 ;
956 3369 1011 3440 sed
1038 3372 1073 3440 ὅ(
1095 3371 1144 3441 in·

119 3477 227 3568 fantes,
241 3503 328 3574 quos
346 3475 468 3548 occidit
482 3477 643 3570 HerodeS,
657 3480 691 3548 in
704 3477 775 3573 ipso
793 3477 872 3547 loco
890 3474 1014 3547 habent
1024 3502 1144 3548 monu-

119 3609 271 3676 mentum,
295 3587 330 3654 &
352 3610 468 3654 omnes
491 3585 524 3655 in
554 3611 619 3655 una
645 3584 849 3680 requiescunt
874 3582 992 3674 dom0,
1013 3585 1048 3653 ὅ(
1068 3609 1144 3680 ape·

120 3693 236 3762 riuntur
249 3691 395 3788 sepulcra
410 3693 445 3761 ὅ(
461 3689 614 3763 videntur
628 3717 743 3762 eorum
761 3688 838 3760 olla.
856 3693 942 3760 Ante
958 3689 1146 3760 Bethlehem

120 3797 160 3866 est
179 3798 412 3869 monasterium
439 3824 535 3868 muto
565 3799 721 3890 cinllum,
748 3800 782 3868 in
811 3822 878 3893 quo
901 3797 946 3868 est
968 3795 1145 3868 multitudo

120 3905 354 3976 monachorum
372 3928 585 4003 congregata.

153 4165 173 4202 ι.
187 4147 223 4203 Al.
237 4165 284 4204 vtt.
304 4177 337 4188 -
352 4149 375 4201 b.
390 4147 428 4200 AI.
441 4147 542 4220 iugiter.
