3390 5720
479 573 531 626 DE
547 572 651 626 LOCIS
669 573 795 626 SANCT
796 573 836 626 1s.
1130 569 1176 653 45

144 791 296 892 agi-anda
308 789 377 862 dies
392 787 537 862 sufficere
550 815 619 862 non
632 787 738 888 possit.
767 791 904 886 Verum,
922 811 958 862 ut
973 788 1016 861 ad
1034 787 1179 860 villulam

144 901 270 972 Christi
285 905 320 974 dt
336 903 438 974 Marie
451 898 666 974 diversorium
677 900 848 971 veniamus
863 895 952 994 (plus
968 897 1057 968 enim
1069 895 1181 968 laudat

146 1009 379 1104 unusquisque,
405 1008 497 1104 quod
523 1005 693 1107 posfidet),
726 1031 794 1103 quo
820 1007 980 1097 sermone,
1006 1029 1071 1100 qua
1094 1025 1180 1075 voce

146 1115 340 1212 speluncam
365 1113 423 1186 tibi
448 1111 617 1211 possumus
638 1115 806 1186 salvatoris
828 1115 1020 1209 exponere?
1050 1109 1085 1180 Et
1099 1105 1180 1180 illud

147 1221 295 1319 presepe,
311 1223 346 1292 in
364 1246 433 1317 quo
457 1219 635 1292 infantulus
658 1221 772 1319 vagiit,
798 1217 923 1290 silentio
950 1218 1056 1316 magis
1079 1242 1181 1312 quam

146 1327 280 1400 infirmo
294 1328 443 1400 sermone
458 1326 693 1400 honorandum
705 1327 757 1398 est.
775 1323 839 1400 Ubi
856 1325 929 1396 sunt
941 1325 1005 1396 late
1018 1325 1179 1422 porticus?

147 1433 209 1508 ubi
230 1459 342 1506 aurata
365 1434 552 1530 laquearia?
578 1431 634 1508 ubi
659 1432 779 1505 domus
804 1433 997 1504 miserorum
1021 1432 1130 1528 poenis
1146 1435 1181 1502 δι

147 1533 383 1614 damnatorum
409 1538 523 1612 labore
547 1542 682 1613 vestite?
709 1540 775 1631 ubi,
799 1542 894 1613 inslar
917 1540 1040 1638 palatii,
1062 1534 1180 1633 opibus

146 1651 353 1748 privatorum
366 1646 669 1742 exstrudlebafilice,
681 1649 785 1722 utvile
799 1649 1029 1748 corpusculum
1036 1645 1180 1717 hominis

146 1753 317 1853 pretiosius
341 1755 521 1830 inambulet
546 1760 592 1850 ἃ,
618 1755 706 1854 quasr
732 1756 860 1829 mundo
882 1755 1063 1854 quidquam
1085 1749 1180 1849 possit

146 1859 214 1935 else
228 1864 383 1957 ornatius,
398 1869 483 1936 teda
496 1867 602 1964 magis
615 1865 670 1937 sua
680 1865 758 1938 velit
765 1862 931 1962 adspicere
941 1887 1042 1959 quam
1052 1859 1179 1932 celum?

145 1969 228 2040 Ecce
241 1971 274 2040 in
288 1968 353 2041 hoc
365 1996 469 2067 parvo
488 1995 570 2044 terre
583 1972 746 2044 soramine
761 1971 909 2043 celorum
922 1967 1076 2043 conditor
1087 1989 1180 2037 nams

145 2073 203 2166 est,
225 2075 279 2147 hic
305 2077 469 2150 involutus
502 2079 631 2175 pannis,
668 2077 722 2148 liic
754 2076 838 2148 visus
864 2103 884 2148 a
908 2073 1100 2174 pastoribus,
1127 2072 1181 2143 hic

145 2182 416 2256 demonstratusa
431 2183 531 2276 stella,
547 2183 600 2255 hic
613 2183 769 2256 adoratus
787 2211 807 2256 a
824 2183 938 2282 magis.
959 2183 994 2254 Et
1005 2182 1069 2271 hic,
1085 2205 1181 2279 puto,

144 2292 241 2362 locus
257 2291 398 2362 sandior
414 2292 458 2362 est
475 2316 556 2388 rupe
572 2292 724 2388 Tarpeia,
742 2318 807 2388 que
834 2289 876 2362 de
898 2291 970 2362 celo
993 2290 1098 2386 sepius
1119 2289 1179 2359 sul·

144 2400 273 2470 minata
291 2396 443 2489 ostendit,
461 2396 555 2494 quod
572 2400 724 2470 Domino
744 2397 936 2496 displiceret.

193 2505 237 2576 V.
263 2505 347 2602 Lege
369 2503 604 2603 Apocalypsrm
627 2507 789 2598 lobannis,
817 2504 957 2602 &quid
979 2504 1021 2577 de
1045 2505 1179 2576 muliere

143 2635 337 2712 purpurata,
354 2613 390 2682 dt
409 2612 526 2708 scripta
548 2613 582 2682 in
607 2613 671 2685 eius
694 2613 802 2684 fronte
818 2611 1030 2710 blasphemia,
1056 2612 1181 2710 septem

144 2716 327 2812 montibus,
345 2719 438 2815 aquis
455 2719 564 2790 multis
581 2722 616 2791 δι
632 2719 807 2813 Rabylonis
825 2743 974 2792 cantetur
987 2720 1083 2808 exitu,
1101 2744 1180 2790 con·

142 2851 244 2898 tuere.
269 2833 366 2917 Exire,
383 2828 490 2923 inquit
506 2829 682 2920 Dominus,
702 2832 739 2898 cle
757 2830 815 2898 illa
825 2830 959 2924 populus
975 2855 1068 2915 meus,
1096 2828 1127 2897 de
1144 2855 1180 2896 ne

135 2941 309 3030 participes
317 2941 387 3032 fitis
403 2938 581 3005 desiderum
598 2941 674 3024 eius,
693 2937 724 3006 δ’
746 2939 784 3005 de
799 2938 910 3030 plagis
932 2940 997 3004 eius
1022 2961 1079 3004 non
1101 2940 1181 3005 ucci-

135 3047 248 3137 piatis.
278 3039 333 3111 Ad
346 3042 516 3112 seremiam
530 3066 665 3138 quoque
681 3041 878 3140 regrediens,
892 3043 1046 3138 scriptum
1062 3044 1181 3139 pariter

143 3145 301 3219 attende:
327 3154 433 3243 Fugite
449 3152 487 3217 de
504 3153 603 3219 medio
622 3152 787 3244 babylonis
806 3150 838 3219 θ’
846 3150 970 3242 salvare
987 3153 1181 3244 unusquisque

143 3256 382 3346 unimamsuum.
408 3256 527 3324 Cecidit
538 3260 628 3344 enim,
643 3260 753 3326 cecidit
767 3258 904 3349 babylm
919 3283 1039 3350 magna,
1052 3256 1180 3346 &fossa

144 3367 186 3453 est
202 3363 350 3430 habitatio
368 3365 522 3431 demomrm
546 3362 577 3431 se
598 3366 730 3455 custodia
752 3369 850 3433 omnis
862 3367 998 3458 spiritus
1023 3367 1178 3434 immundi.

143 3466 192 3536 Est
209 3463 345 3561 quidem
362 3465 406 3538 ibi
423 3467 534 3539 santia
548 3466 691 3561 ecclesia,
711 3469 782 3540 sunt
799 3468 938 3566 trophea
954 3469 1179 3565 apostolorum

143 3577 179 3646 δι
205 3597 395 3667 martyrum,
421 3574 466 3644 est
491 3575 610 3647 Christi
636 3601 712 3646 vera
738 3574 896 3646 consessio
913 3577 948 3646 δι
965 3573 1007 3646 ab
1026 3576 1177 3672 apostolo

142 3677 312 3778 predicata
328 3681 408 3753 fides
423 3684 657 3780 &gentilitate
675 3681 811 3774 calcata,
827 3685 862 3753 in
886 3680 1024 3754 sublime
1048 3682 1080 3754 se
1097 3708 1179 3780 quo·

144 3785 226 3857 tidie
243 3789 370 3885 erigens
391 3787 592 3860 vocabulum
614 3788 832 3882 christianum,
857 3788 913 3860 sed
937 3788 1007 3887 ipsa
1029 3787 1178 3880 ambitio,

142 3893 306 3990 potentia,
331 3894 527 3992 magnitudo
545 3893 642 3987 urbis,
665 3893 769 3968 videri
790 3898 825 3967 &
848 3894 971 3989 videre,
994 3895 1121 3968 salutari
1144 3899 1179 3967 δι

142 4001 291 4092 salutare,
308 3999 440 4073 laudare
457 4005 493 4074 ὅ(
506 4001 685 4095 detrahere,
703 4003 756 4076 vel
774 4002 886 4075 audire
899 4004 951 4075 vel
963 4003 1129 4100 proloqui,
1144 4006 1179 4074 &

142 4131 271 4180 tantam
287 4106 505 4204 frequentiam
521 4110 696 4182 hominum
718 4110 832 4182 saltem
856 4111 997 4184 invitum
1022 4109 1134 4182 videre
1159 4137 1179 4181 a

142 4211 317 4314 proposito
333 4216 576 4289 monachorum
591 4219 627 4288 δι
646 4219 755 4313 quiete
772 4217 879 4290 aliena
897 4218 980 4289 sunt.
1006 4220 1073 4288 Aut
1090 4217 1179 4286 enim

142 4327 294 4402 videmus
306 4333 476 4404 venientes
488 4330 531 4403 ad
545 4358 617 4423 nos,
632 4334 668 4403 δε
680 4330 840 4404 filentium
853 4332 1031 4431 perdimus,
1046 4355 1178 4402 autnon

142 4431 306 4532 videmus,
331 4436 538 4540 &superbie
569 4439 742 4542 arguimur.
774 4439 1015 4538 lnterdumque,
1046 4461 1082 4514 ut
1109 4432 1178 4513 visr-
