3390 5720
838 535 1063 590 ANTONINUS
1088 536 1264 589 MARTYR

846 811 901 884 Vl.
928 810 1040 902 Tuber,
1062 817 1246 910 Neapolis.

578 1027 630 1098 De
647 1023 809 1096 Nazareth
836 1023 985 1096 venimus
1014 1027 1047 1096 in
1069 1050 1221 1098 montem
1248 1024 1359 1116 Tobor,
1374 1028 1460 1148 ..qui
1470 1053 1559 1099 mons

529 1136 593 1206 exit
619 1133 653 1203 in
675 1114 788 1204 medio
806 1133 996 1230 campestri.
1024 1159 1107 1205 terra
1125 1137 1211 1223 viva,
1238 1157 1351 1206 tenens
1372 1135 1407 1206 in
1432 1135 1558 1207 circulor

530 1241 631 1312 millia
644 1240 728 1331 sex,
720 1265 753 1310 tn
773 1239 904 1310 ascensu
923 1239 1079 1311 millia
1042 1265 1113 1332 tna,
1131 1241 1253 1312 sursum
1270 1239 1313 1311 ad
1332 1267 1436 1311 unum
1449 1243 1559 1316 nullia·

529 1351 613 1422 rium
635 1348 761 1444 planus.
788 1349 822 1416 ln
846 1371 914 1441 quo
931 1345 1005 1417 sunt
1022 1373 1084 1418 tres
1101 1345 1263 1438 ecclesie,⁶
1280 1345 1336 1418 ubi
1359 1346 1439 1418 dixit
1458 1349 1559 1423 Petrus

528 1456 572 1528 ad
586 1456 701 1528 lesum:
713 1458 868 1523 Faciamus
881 1460 932 1523 liic
945 1462 1006 1525 trio
1021 1458 1225 1526 robonoculo.
1242 1459 1276 1526 ln
1293 1457 1428 1527 circuitu
1442 1461 1560 1530 montis

529 1562 652 1636 diverse
676 1560 749 1630 sunt
765 1560 922 1650 civitates,
949 1587 1013 1657 que
1034 1563 1069 1633 in
1085 1559 1181 1633 libro
1199 1587 1316 1660 regum
1331 1561 1496 1661 leguntur.
1514 1565 1560 1638 De

528 1668 641 1742 Tabor
657 1668 807 1742 venimus
825 1671 859 1739 in
874 1669 1051 1761 civitatem,
1069 1695 1134 1765 que
1148 1669 1213 1740 alio
1231 1693 1383 1764 tempore
1400 1672 1561 1767 appellata

529 1777 574 1850 est
591 1774 742 1864 ΕἰεΙιειιι,ό
758 1800 848 1847 nunc
869 1802 949 1848 vero
974 1775 1091 1850 dicitur
1107 1775 1282 1876 Neapolis:
1305 1778 1339 1846 in
1361 1802 1428 1875 qua
1450 1804 1561 1876 puteus

529 1887 585 1974 est,
605 1909 643 1956 ex
661 1907 729 1978 quo
744 1883 909 1953 Dominus
928 1909 947 1954 a
963 1884 1098 1956 muliere
1111 1881 1304 1956 samaritana
1322 1911 1444 1981 aquam
1463 1886 1561 1982 petiit.

530 1992 641 2090 lbique
659 1990 746 2076 sada
759 1989 803 2059 est
817 1987 945 2061 basilica
960 1992 995 2061 in
1012 1990 1178 2063 honorem
1195 1992 1297 2063 sansli
1315 1991 1468 2064 Iohannis
1486 1993 1562 2090 Bap

530 2100 609 2190 tiste,
632 2101 667 2169 ἀ
692 2099 761 2195 ipse
788 2123 905 2195 puteus
927 2098 1065 2170 estante
1091 2099 1254 2170 cancellos
1275 2097 1393 2192 altaris,
1422 2102 1457 2171 ἃ
1481 2097 1565 2172 fitula

527 2205 664 2298 ibidem,
681 2204 723 2276 de
736 2232 801 2302 qua
815 2205 943 2298 dicitur,
959 2205 1052 2302 quod
1065 2207 1232 2278 Dominus
1247 2203 1374 2280 biberit.
1389 2207 1486 2279 Multi
1498 2211 1564 2307 egri

528 2307 573 2382 ibi
590 2313 727 2385 veniunt
745 2315 780 2384 δε
796 2314 958 2386 sanantur.

528 2573 595 2646 Vll.
622 2576 774 2662 Tiberias,
801 2601 893 2661 more,
922 2577 1146 2667 Caplarnoum,
1174 2577 1224 2643 lor
1248 2573 1279 2642 δ’
1305 2578 1390 2661 Dan,
1409 2577 1563 2662 Iordanis,

701 2684 839 2768 Godoro,
862 2687 975 2750 therme
991 2683 1094 2767 Helie,
1109 2685 1225 2773 fluvius
1243 2683 1381 2751 Gadara.

580 2891 710 2965 Deinde
724 2892 874 2964 venimus
891 2890 934 2962 ad
948 2919 1030 2962 mare
1042 2891 1229 2982 Tiberiadis,
1241 2892 1275 2961 in
1289 2891 1457 2964 civitatem
1468 2891 1566 2965 Tibe·

530 2999 665 3091 riadem,
681 3001 715 3070 in
734 3025 798 3095 qua
816 2999 889 3069 sunt
906 2998 1030 3068 therme
1045 2997 1138 3090 salse3
1158 3025 1236 3069 nam
1254 3024 1341 3094 aqua
1358 3001 1454 3071 maris
1471 2999 1566 3098 ipsius

530 3109 633 3182 dulcis
646 3108 701 3199 est,
718 3105 811 3203 quod
824 3131 915 3177 mare
928 3105 1042 3176 circuit
1056 3105 1157 3176 millia
1169 3110 1259 3178 odio,
1271 3105 1403 3178 Deinde
1416 3109 1567 3180 venimus

529 3217 564 3285 in
582 3217 747 3287 civitatem
766 3219 989 3308 Ceplornaum,
1010 3214 1044 3283 in
1061 3210 1202 3283 domum
1220 3211 1306 3285 beati
1322 3215 1413 3304 Petri,
1440 3241 1506 3310 que
1523 3217 1568 3287 esl

530 3321 636 3392 modo
656 3320 793 3394 basilica.
822 3319 899 3392 lnde
917 3320 1116 3392 transeuntes
1140 3346 1199 3418 per
1216 3321 1315 3392 castra
1333 3321 1386 3392 vel
1403 3323 1495 3392 vicos
1513 3349 1568 3394 aut

531 3431 686 3521 civitates,
710 3429 859 3500 venimus
876 3427 919 3499 ad
936 3426 1020 3498 duos
1049 3427 1166 3518 fontes,
1189 3427 1256 3498 hoc
1282 3427 1338 3520 est,
1362 3433 1413 3500 lor
1429 3431 1465 3500 ἃ
1481 3437 1567 3518 Dan,

533 3537 646 3630 quiin
674 3561 776 3606 unum
807 3532 1038 3606 confluunt&
1067 3558 1228 3607 vocantur
1256 3539 1399 3606 lordonis
1427 3561 1567 3632 parvus,

530 3640 712 3740 ingredinn
729 3668 829 3764 mare,
854 3639 1024 3739 pertransit
1041 3667 1148 3713 totum
1165 3642 1301 3761 pelagus
1318 3643 1353 3712 &
1369 3644 1434 3712 exit
1449 3644 1484 3714 in
1502 3645 1569 3716 alio

530 3749 639 3821 littore
656 3753 764 3822 maris
778 3753 985 3822 Revertentes
1002 3751 1151 3822 venimus
1167 3749 1340 3838 inlocum,
1354 3745 1409 3819 ubi
1423 3751 1569 3824 iordanis

532 3857 812 3980 egrediturnmari,
829 3858 999 3954 &inipso
1017 3857 1095 3927 loco
1114 3854 1316 3928 transivimus
1334 3853 1521 3951 Iordanem,
1534 3864 1568 3932 ἃ

531 3967 681 4037 venimus
693 3992 727 4037 m
737 3991 901 4038 civitatem
905 3991 989 4060 ,que
1001 3990 1138 4036 vocatur
1152 3969 1291 4056 Gadara,
1303 3917 1568 4060 que&Gabaion

532 4071 659 4145 dicitur.
679 4076 711 4143 ln
728 4074 786 4144 ista
802 4098 905 4169 parte,
923 4072 1074 4143 milliario
1099 4075 1194 4144 tertio
1213 4069 1254 4142 ab
1272 4069 1362 4164 urbe,
1389 4073 1462 4143 sunt
1479 4099 1568 4170 aque

533 4179 649 4272 calide,
675 4206 739 4275 que
764 4179 972 4277 appellantur
995 4186 1109 4250 ιΙιενιιιι
1125 4183 1229 4268 Helie,
1255 4177 1311 4251 ubi
1329 4175 1445 4276 leprosr
1471 4207 1570 4252 mun·

569 4435 593 4470 a.
608 4419 639 4472 G.
652 4417 759 4476 bafilice.
776 4448 808 4460 ·-
824 4421 847 4474 b.
860 4418 899 4472 Sic
911 4435 962 4490 ego,
975 4419 1009 4472 al.
1026 4419 1145 4476 Samaria.
