3396 5708
605 547 780 639 (riv-xi)
1144 569 1210 644 109

362 805 372 832 ι
391 787 471 838 Mons
485 783 577 838 oliveti
591 784 759 838 adorientem
774 782 967 855 Hierosoiymae,
984 795 1094 836 torrente
1108 784 1211 837 Cedron

322 863 489 930 interfluente,
512 862 556 915 ubi
570 863 658 916 ultima
672 862 774 933 vestigia
788 861 892 916 Domini
905 862 983 915 humo
997 861 1112 933 impressa
1125 863 1212 916 hodie·

323 962 373 1013 que
389 943 564 996 monstrantur.
587 945 705 1013 Cumque
718 956 782 995 terra
795 943 883 995 eadem
898 943 1012 1012 quotidie
1023 961 1039 994 a
1054 943 1212 996 credentibus

321 1023 458 1089 haurietur,
481 1023 642 1076 nihilominus
657 1036 741 1075 tamen
760 1022 848 1075 eadem
862 1022 944 1076 saniir
962 1022 1066 1092 vestigia
1083 1023 1212 1092 pristinum

323 1104 412 1157 statum
426 1104 546 1156 continuo
555 1103 685 1173 recipiunt.
699 1103 817 1174 Denique
827 1120 885 1155 cum
895 1102 1006 1168 ecciefia,
1015 1103 1039 1154 in
1047 1103 1118 1156 cuiue
1128 1104 1213 1156 medio

323 1184 387 1250 sunt,
416 1185 529 1236 rotundo
557 1183 681 1236 schemate
706 1185 730 1235 dr
754 1182 920 1252 pulcherrimo
953 1201 1029 1253 opere
1041 1184 1213 1257 ponderetur,

324 1266 447 1316 summum
458 1276 557 1317 tantum
567 1281 698 1328 cacumen,
711 1275 738 1315 ut
747 1263 889 1331 perhibent,
902 1275 1005 1333 propter
1017 1263 1145 1316 Dominici
1158 1280 1214 1317 cor·

323 1344 392 1415 poris
405 1356 516 1396 meatum
539 1343 698 1396 nullomodo
711 1343 812 1413 contegi
832 1342 1040 1396 &concamerari
1060 1344 1152 1412 potuit,
1172 1344 1212 1398 sed

326 1422 439 1476 trauntur
454 1421 506 1476 eius
519 1441 534 1474 a
547 1436 611 1476 terra
624 1423 657 1475 ad
671 1423 762 1475 coeium
778 1422 856 1492 usque
870 1435 940 1492 patet
953 1437 1076 1493 apertum.
1093 1445 1104 1473 r

358 1535 396 1606 [S.
414 1537 597 1608 Hieronymus,
619 1537 691 1590 Liber
710 1537 832 1590 nominum
848 1537 952 1591 locorum
974 1555 1008 1591 rx
1030 1538 1097 1592 Artis
1118 1537 1214 1606 Aposto-

323 1617 401 1671 lorum
413 1617 526 1688 (Migne,
538 1619 606 1670 Patr.
620 1615 674 1682 lat,
688 1619 787 1683 xx111,
800 1635 822 1670 c.
842 1618 941 1688 ¹³0¹)·l

361 1761 373 1790 r
388 1741 452 1793 Illud
469 1741 572 1806 mirum,
588 1742 658 1811 quod
670 1741 743 1794 locus
757 1741 796 1794 iiie
808 1741 833 1793 in
846 1759 899 1811 quo
911 1743 1062 1812 postremum
1077 1741 1214 1795 institerant

323 1821 408 1874 divina
420 1820 530 1890 vestigia,
543 1839 601 1874 cum
615 1823 639 1874 in
652 1821 745 1874 coelum
757 1824 882 1875 Dominus
896 1825 963 1876 nube
974 1823 1083 1876 sublatus
1097 1823 1141 1888 est,
1154 1838 1215 1874 con-

324 1899 414 1952 tinuari
436 1899 581 1969 pavimento
604 1917 662 1953 curn
687 1899 781 1969 reliqua
802 1903 933 1955 stratorum
954 1915 1025 1973 perte
1047 1920 1096 1954 non
1119 1901 1213 1970 potuit:

325 1979 444 2050 siquidem
463 1997 631 2050 quecumque
643 1979 844 2050 applicabantur,
858 1983 963 2035 insolens
975 1984 1085 2035 humana
1096 1980 1215 2049 suscipere

323 2071 389 2112 terre
409 2059 543 2129 respueret,
558 2060 661 2113 excusiis
673 2061 698 2113 in
711 2079 755 2115 ore
768 2063 948 2132 apponentium
962 2063 1026 2132 saepe
1040 2059 1214 2114 marmoribus.

325 2140 392 2201 Quin
413 2138 488 2192 etiam
510 2140 599 2193 celcati
613 2142 671 2193 Deo
685 2142 792 2210 pulveris
815 2143 880 2194 adeo
903 2159 1013 2212 perenne
1033 2143 1215 2194 documentum

325 2219 369 2284 esi,
388 2231 416 2271 ut
432 2219 534 2290 vestigia
554 2219 669 2290 impressa
682 2236 825 2288 cernantur,
845 2224 868 2275 dr
890 2239 947 2275 cum
962 2222 1075 2292 quotidie
1087 2220 1215 2274 confluen-

326 2293 389 2352 tium
409 2299 470 2351 sides
484 2300 598 2352 certatim
620 2302 734 2354 Domino
747 2301 845 2354 calcata
858 2301 967 2371 diripiat,
988 2302 1110 2354 damnum
1131 2312 1215 2352 tamen

324 2396 400 2432 arena
414 2397 463 2431 non
477 2380 574 2446 sentiat,
601 2381 728 2434 &eadem
742 2382 825 2435 adhuc
839 2383 872 2434 sui
888 2381 1003 2452 speciem,
1016 2382 1084 2434 reiut
1096 2378 1216 2449 impressu

326 2458 421 2528 ignota
434 2459 552 2529 vestigiis,
567 2473 632 2513 terre
645 2461 761 2514 custodit.
778 2483 788 2511 r

362 2574 493 2644 [Sulpicius
506 2577 619 2645 Severus,
632 2577 789 2644 laist.socra,
803 2577 818 2628 Ι.
833 2579 867 2642 11,
879 2595 902 2629 c.
917 2594 947 2642 33
960 2575 1077 2646 (Migne,
1086 2578 1154 2630 Patr.
1163 2575 1217 2645 lat,

327 2656 385 2720 XX,
403 2671 427 2707 c.
445 2657 521 2724 ¹4⁸>r
538 2655 570 2708 cs.
586 2657 656 2709 Beda
678 2657 836 2722 venerabilis,
848 2659 888 2710 De
901 2655 1080 2722 Locissarrfiir,
1092 2675 1115 2710 c.
1132 2675 1146 2720 7
1162 2656 1217 2724 (ed.

327 2735 407 2803 supra,
420 2747 438 2787 t.
453 2737 474 2800 1,
488 2752 514 2803 p.
530 2736 612 2802 παλ]

16 2887 38 2958 s.
62 2884 172 2957 tv-Xt
185 2886 606 2985 Zenonorusmermfis,
623 2889 847 2959 Arrmocrrus
858 2891 1032 2985 postremo,
1049 2890 1218 2959 nurnero

185 2993 290 3080 leolis
299 2999 462 3088 peregrini
474 3023 489 3063 e
504 2997 704 3088 Nobordlrro
718 2995 749 3063 se
763 2997 871 3086 ‘Bostra
885 3001 916 3063 in
931 2995 1120 3086 Polyondria
1135 2999 1217 3064 iuxta

184 3101 426 3194 Hierosolymam
435 3108 507 3196 fito,
527 3128 603 3172 nunc
619 3100 777 3172 Tumulus
798 3101 1033 3196 Prophetarum
1051 3126 1217 3196 nuncupato

178 3208 305 3302 sepulti.
332 3217 411 3284 (¹2⁶)

256 3329 438 3398 [inscriptions
462 3347 552 3399 graecae
573 3350 588 3384 a
610 3331 642 3385 cl.
664 3349 688 3384 v.
712 3331 993 3385 clermont-Ganneau
1017 3330 1124 3400 (ΚΜ
1147 3331 1219 3397 Crit,

189 3411 297 3476 1878‚1‚
313 3414 371 3474 184,
386 3427 445 3476 199,
457 3412 523 3480 216)
537 3410 680 3476 recensita]

221 3508 276 3577 (Cf.
289 3509 487 3578 ltiemagraeca,
501 3511 535 3578 1.)
