3448 5718
346 531 376 581 A
392 530 621 585 BORDIGALA
641 531 887 586 HIERUSALEM
905 531 1033 590 USQUE.
1163 537 1204 604 17

170 749 210 821 id
228 751 284 842 est,
302 777 368 822 una
384 749 429 822 ad
445 749 602 841 dextram,
620 751 683 822 alia
700 749 742 822 ad
759 748 925 842 finistram,
948 773 1028 845 quas
1045 749 1204 820 Salomon

173 857 275 948 fecit,
300 858 432 929 interius
453 883 533 930 vero
557 859 590 928 in
616 858 745 929 civitate
768 858 841 929 sunt
861 855 987 954 piscine
1004 855 1206 954 gemellares,

175 963 325 1060 quinque
350 965 495 1061 porticus
516 961 684 1053 habentes,
713 989 777 1060 que
801 961 1006 1062 appellantur
1028 965 1204 1056 bethsaida.
1236 980 1356 1030 seuera..

176 1066 224 1140 lbi
246 1072 316 1169 egri
331 1071 510 1142 multorum
528 1096 692 1142 annorum
714 1068 927 1162 sanabantur,
954 1093 1076 1164 aquam
1097 1092 1207 1141 autem

175 1173 302 1247 habent
328 1177 448 1272 piscine
474 1179 508 1248 in
534 1176 674 1249 modum
705 1179 799 1247 cocci
825 1174 996 1248 turbatam.
1028 1175 1076 1246 Est
1101 1179 1137 1246 δι
1162 1173 1209 1246 ibi

174 1307 304 1380 crypta,
323 1282 379 1355 ubi
399 1283 558 1356 Salomon
580 1283 740 1356 demones
764 1281 948 1380 torquebat.
972 1282 1007 1353 Et
1027 1280 1073 1353 ibi
1092 1283 1135 1354 est
1152 1309 1209 1354 an-

175 1391 273 1488 gulus
292 1394 384 1462 turris
400 1389 612 1484 excelsissime,
636 1389 691 1462 ubi
709 1393 875 1463 Dominus
897 1388 1052 1479 ascendit,
1074 1392 1110 1459 δι
1130 1387 1210 1460 dixit

158 1545 162 1550 -
177 1500 222 1589 ei,
240 1500 296 1595 qui
313 1497 459 1570 tentabat
478 1525 575 1570 eumz
602 1502 640 1567 St‘
651 1501 745 1590 filius
772 1505 835 1570 Dei
851 1527 894 1587 es,
917 1503 1000 1568 mine
1016 1522 1045 1567 re
1061 1500 1208 1590 deorsum.

177 1605 215 1674 Et
231 1605 276 1677 ait
291 1606 322 1676 ei
339 1606 504 1677 Dominus
521 1639 529 1678 ι
554 1611 647 1700 Non
668 1610 797 1676 tentabis
815 1613 979 1677 Dominum
1001 1611 1100 1674 Deum
1116 1630 1209 1692 tuum,

168 1715 233 1807 sets
254 1715 306 1784 sssl
320 1716 389 1808 sols
409 1717 539 1808 servies.
568 1711 614 1784 lbi
643 1714 687 1784 esl
713 1715 794 1810 lapso*
811 1714 970 1808 angularis
994 1735 1144 1809 magnus,
1169 1709 1210 1780 de
1225 1732 1290 1796 Lapis
1301 1729 1419 1792 angularis.

178 1845 250 1914 quo
271 1818 397 1892 dissum
413 1820 478 1891 est:
504 1824 657 1916 lapidem
676 1847 761 1914 quem
777 1823 1005 1915 reprobaverunt
1026 1821 1210 1908 edificantes,

178 1934 232 1996 sn’c
243 1931 408 2020 fossusest
424 1931 465 1998 od
481 1955 570 2022 copur
586 1929 703 2022 anguli.
735 1927 769 1999 Et
790 1924 848 1997 sub
874 1927 977 2022 pinna
1001 1925 1093 1996 turris
1116 1922 1211 2021 ipfius

180 2034 255 2106 sunt
278 2033 429 2106 cubicula
453 2035 605 2132 plurima,
636 2030 692 2104 ubi
721 2035 863 2103 Salomon
884 2033 1036 2126 palatium
1062 2027 1211 2100 habebar.
1241 2048 1420 2124 sumpno„-

181 2140 229 2214 lbi
255 2143 356 2214 etiam
385 2143 511 2213 constat
532 2140 731 2231 cubiculum,
757 2140 790 2211 in
818 2163 886 2234 quo
908 2135 991 2208 sedit
1020 2140 1056 2207 δι
1085 2137 1213 2234 sapien·
1288 2115 1295 2159 ¹
1297 2125 1375 2160 '''''

181 2250 263 2319 tiam
295 2246 482 2346 descripsrt3
520 2250 628 2344 ipsum
663 2273 743 2320 vero
778 2244 965 2317 cubiculum
1003 2269 1072 2315 uno
1103 2243 1214 2342 lapide

181 2355 228 2424 est
243 2360 375 2427 rebium.
401 2357 481 2426 Sunt
506 2352 551 2426 ibi
576 2353 820 2450 &exceptoria
845 2375 969 2448 magna
988 2375 1074 2446 aque
1096 2349 1214 2423 subter·

181 2487 282 2533 ranea
302 2465 337 2532 δι
352 2466 473 2558 piscine
489 2486 616 2561 magno
640 2488 741 2559 opere
759 2458 919 2531 edificate.
946 2457 980 2527 bt
1000 2456 1035 2528 in
1053 2453 1114 2528 ede
1135 2457 1214 2553 ipsa,
1244 2479 1340 2527 essetne.

182 2567 242 2640 ubi
259 2569 420 2665 templum
437 2570 507 2660 fuit,
524 2568 616 2666 quod
629 2571 789 2642 Salomon
805 2567 980 2654 edificavit,
998 2567 1033 2637 in
1049 2587 1214 2635 marmore

181 2700 260 2748 ante
288 2705 373 2748 arom
403 2677 597 2774 sanguinem
626 2675 787 2748 Zacharie
814 2674 929 2747 dicunt
957 2671 1057 2744 hodie
1086 2669 1214 2762 fusum3
1242 2691 1296 2734 nn.

182 2785 284 2854 etiam
301 2807 417 2879 parent
432 2782 566 2880 vestigia
592 2781 760 2854 clavorum
779 2782 930 2874 militum,
949 2780 1006 2876 qui
1028 2803 1105 2850 eum
1128 2777 1214 2847 occi-

182 2887 313 2978 derunt,
343 2915 401 2986 per
422 2914 529 2960 totam
550 2915 671 2978 aream,
689 2914 726 2960 ut
745 2913 839 2988 putes
864 2891 897 2958 in
920 2913 994 2958 cera
1015 2885 1116 2958 fixum
1139 2879 1213 2954 esse.

182 2999 266 3068 Sunt
284 2994 328 3068 ibi
346 3000 488 3090 &statue
505 2995 569 3069 due
586 3001 751 3086 Hodrt‘ont‘,
769 2999 805 3068 dt
821 2997 866 3068 est
888 3020 958 3066 non
974 2994 1076 3090 longe
1093 2990 1136 3063 de
1157 2991 1215 3082 sta·
1228 3014 1424 3066 seruauerunt.

184 3106 247 3175 ruis
263 3103 347 3200 lapis
363 3105 520 3201 pertusus,
536 3101 580 3176 ad
593 3091 696 3200 quem
708 3105 844 3176 veniunt
857 3099 945 3172 ludei
962 3098 1093 3197 fingulis
1110 3100 1214 3188 annis,

184 3216 220 3283 ἅ
241 3237 389 3311 unguent
406 3239 493 3304 eum,
510 3215 545 3283 δι
564 3211 746 3284 lamentant
762 3212 794 3284 se
811 3235 889 3282 cum
906 3209 1043 3306 gemitu,
1071 3209 1106 3277 δι
1122 3207 1215 3278 vesli-

185 3344 300 3392 menta
314 3321 371 3390 sua
388 3319 549 3408 scindunt,
568 3321 602 3388 δι
628 3316 670 3389 fic
695 3317 860 3390 recedunt.
897 3316 942 3388 fist
965 3314 1012 3387 ibi
1037 3317 1073 3385 ὅ(
1098 3313 1216 3385 domus

186 3427 329 3515 Ezechie,
349 3429 434 3525 regis
452 3427 537 3498 lude.

238 3539 316 3605 ltem
335 3534 465 3606 exeunti
490 3533 701 3623 Hierusalem,
723 3559 760 3605 ut
780 3528 936 3603 ascendas
957 3534 1041 3620 Sion,
1069 3531 1103 3600 in
1126 3553 1217 3626 parte
1246 3546 1310 3594 sion.

186 3638 306 3713 sinislra
328 3643 363 3710 &
385 3638 537 3712 deorsum
561 3643 594 3710 in
618 3639 713 3730 valle,
739 3642 827 3711 iuxta
848 3663 991 3729 murum,
1017 3638 1062 3708 est
1084 3638 1218 3734 piscina,

188 3775 254 3845 que
270 3747 388 3820 dicitur
404 3751 492 3818 Siloa
513 3751 549 3818 δε
569 3745 668 3818 habet
689 3745 982 3843 quadriporticum,
1008 3746 1042 3814 δι
1070 3743 1132 3814 alia
1153 3743 1217 3841 pis·
1248 3759 1315 3805 Siloa·

187 3859 264 3930 cina
280 3853 412 3954 grandis
430 3855 526 3925 foras.
555 3855 619 3924 Hic
641 3853 715 3923 sons
737 3853 789 3924 serr
813 3849 926 3922 diebus
948 3875 1047 3944 atque
1067 3848 1219 3921 noslibus

187 3967 297 4053 currit,
316 3963 455 4060 septimo
469 3985 549 4032 vero
565 3959 629 4050 die,
647 3961 703 4056 qui
720 3961 765 4032 est
782 3957 961 4051 sabbatum,
977 3959 1013 4028 in
1030 3981 1139 4029 totum
1157 3979 1219 4026 nec

188 4076 299 4160 nodie,
316 4095 378 4142 nec
395 4069 450 4141 die
468 4071 576 4140 currit.

237 4177 301 4250 fixa
317 4175 435 4249 eadem
451 4174 633 4248 ascenditur
648 4177 739 4265 Sion,
765 4177 801 4244 δε
822 4195 926 4270 paret,
952 4171 1009 4244 ubi
1030 4173 1090 4243 suit
1113 4175 1218 4242 domus

190 4289 309 4381 Capite
333 4280 522 4369 sacerdotis,
549 4284 584 4354 dt
614 4281 772 4354 columna
796 4279 902 4351 adhuc
933 4278 979 4351 ibi
1004 4279 1063 4372 est,
1094 4280 1127 4349 in
1154 4303 1218 4375 qua
1233 4305 1426 4368 oomucatpue.

226 4454 252 4487 a.
272 4432 335 4486 Mss.
348 4433 442 4486 habent
454 4431 489 4484 in.

1059 4568 1072 4617 3
