3396 5708
642 563 746 656 (412)
857 479 860 484 ¹
1140 581 1203 661 125

252 803 285 868 [S.
298 801 467 870 Augustinus,
475 801 578 871 Epistola
590 801 977 870 caxaorv1‚aaraelrem‚c.
990 801 1128 873 alMigne,
1137 804 1206 855 Patr.

181 881 235 947 las,
250 882 375 946 XXXIII,
387 897 409 934 c.
424 882 507 951 816).]

224 1001 236 1034 ι
250 975 320 1039 Nec
334 974 437 1038 saltem
453 976 519 1058 post
530 977 676 1040 iudicium
691 978 774 1061 quod
787 979 824 1040 de
839 977 902 1060 ipso
915 975 1038 1061 Pelagio
1051 980 1080 1040 in
1095 979 1208 1068 Paleas-

181 1066 241 1128 tina
264 1063 376 1126 iadlum
398 1062 450 1143 est,
472 1066 682 1149 corriguntur;
707 1065 744 1128 de
763 1089 825 1150 quo
840 1067 1000 1131 damnatus
1019 1064 1132 1145 exisset,
1154 1065 1207 1128 nisr

181 1149 302 1215 obiedla
321 1149 373 1215 srbi
395 1170 503 1217 contra
524 1155 653 1238 gratiam
668 1154 730 1217 Dei
756 1153 847 1233 dicta,
871 1177 939 1238 quae
963 1154 1124 1218 obscurare
1143 1177 1207 1218 non

182 1241 292 1323 potuit,
306 1239 366 1323 ipse
381 1239 547 1306 damnasset
557 1288 1207 1307 ..............

182 1329 245 1392 Ubi
271 1328 425 1412 postremo
450 1330 501 1393 illa
520 1331 701 1412 testimonia,
730 1354 798 1415 quae
826 1329 1057 1418 lerosolymitanae
1085 1329 1207 1394 antistes

181 1415 323 1494 ecclestae,
348 1416 422 1481 ficut
435 1420 466 1481 in
481 1419 591 1482 eisdem
606 1418 695 1503 gestis
712 1420 831 1502 legitur,
852 1419 905 1503 ipsr
920 1417 1043 1504 Pelagio
1059 1419 1087 1482 se
1101 1417 1205 1482 dixisse

181 1523 413 1586 commemorat,
437 1509 564 1571 eumad
584 1531 654 1570 eum
680 1509 830 1591 perlatum
851 1509 923 1571 eslet
937 1509 1020 1593 quod
1036 1506 1097 1571 sure
1111 1510 1207 1592 gratia

183 1595 245 1658 Dei
260 1595 375 1658 diceret
389 1596 499 1680 absque
512 1589 641 1680 ‘peccato
657 1599 815 1659 hominem
830 1595 888 1659 else
904 1593 994 1680 posse.
1014 1623 1027 1654 »

252 1698 285 1761 [S.
299 1694 468 1764 Augustinus,
484 1694 585 1765 Epistola
599 1699 740 1762 LXXXVI,
751 1699 788 1750 ad
802 1694 975 1763 Paulinianum
991 1713 1032 1763 31,
1047 1703 1078 1762 36
1090 1697 1207 1767 (Migne,

181 1778 249 1829 Patr.
262 1773 316 1840 lat,
330 1776 452 1840 XXXIII,
466 1792 503 1827 cc.
521 1783 580 1841 827,
596 1775 680 1846 829).]

223 1902 236 1934 e
254 1875 438 1940 Audivimus
460 1879 542 1940 enim
564 1876 622 1940 elle
638 1880 667 1940 in
683 1880 758 1942 urbe
772 1878 876 1958 Roma,
903 1879 953 1941 ubi
976 1878 1027 1942 ille
1044 1877 1206 1965 [Pelagius]

180 1965 232 2027 diu
252 1965 337 2044 vixit,
359 1966 525 2030 nonnullos
550 1969 600 2049 qui
622 1968 744 2031 diversis
770 1967 863 2030 causis
885 1969 913 2030 ei
929 1968 1058 2048 faveant,
1083 1970 1208 2052 quidam

180 2052 303 2132 scilicet,
324 2054 396 2135 quia
409 2057 453 2116 eis
469 2056 539 2117 talia
554 2055 717 2138 persuasisse
733 2057 918 2138 perhibetur,
934 2054 1033 2138 plures
1047 2077 1130 2136 vero,
1155 2061 1206 2140 qui

180 2159 252 2200 eum
276 2139 347 2201 talia
367 2138 474 2204 sentire
497 2164 560 2205 non
585 2145 728 2218 credunt;
754 2142 913 2223 praesertim
938 2144 1009 2225 quia
1030 2145 1061 2206 in
1081 2145 1208 2224 Oriente,

180 2226 232 2287 ubi
261 2227 354 2309 degit,
383 2229 464 2313 gesta
491 2228 688 2293 ecclesiastica
710 2230 788 2292 fasta
815 2227 873 2292 elle
902 2231 1061 2312 iactantur,
1097 2234 1207 2317 quibus

182 2329 304 2395 putatur
319 2317 376 2380 else
392 2334 546 2402 purgatus.
564 2345 576 2376 ›

252 2411 287 2481 [S.
306 2418 475 2492 Augustinus,
497 2418 599 2488 Epistola
621 2420 774 2484 CLXXVII,
795 2420 831 2470 ael
848 2418 1010 2472 Innocentium
1026 2427 1129 2487 papam,
1152 2437 1174 2472 c.
1193 2441 1208 2473 2

182 2492 298 2562 (Migne,
311 2497 379 2548 Patr.
393 2497 446 2563 let,
465 2501 587 2564 XXXIII,
599 2515 622 2551 c.
641 2499 722 2566 765),
746 2497 778 2550 cs.
798 2497 901 2567 Epistola
918 2500 1021 2552 Pastum
1033 2498 1129 2566 concilij
1145 2503 1209 2554 car-

181 2573 327 2642 thaginenfir
355 2581 392 2629 ad
409 2577 435 2644 s.
458 2579 624 2648 Augustinurn,
651 2595 706 2639 Μ
731 2580 767 2642 (S.
789 2578 958 2647 Augustinus,
984 2581 1077 2646 Opera,
1105 2578 1153 2647 Epi
1190 2598 1208 2632 a

183 2655 314 2718 CLXXV,
325 2656 366 2708 ed.
378 2657 479 2726 Migne,
489 2661 555 2710 Patr.
564 2657 618 2723 lat,
627 2659 749 2720 XXXIII,
759 2673 781 2708 c.
795 2660 871 2723 761),
884 2659 907 2708 S.
922 2657 1091 2726 Auguslinus,
1106 2658 1208 2727 Epilela

182 2735 327 2798 CLXXIX,
336 2739 372 2787 ael
382 2739 495 2789 Ioannem
506 2737 620 2804 Hierosol.
633 2737 749 2805 (Migne,
759 2738 827 2788 Patr.
837 2736 891 2800 las,
902 2739 1025 2798 XXXIII.
1034 2755 1056 2789 c.
1067 2737 1145 2806 774),
1158 2738 1209 2804 Id.,

180 2816 218 2866 De
229 2823 325 2882 peccato
337 2815 463 2886 originali,
477 2834 515 2870 cc.
531 2835 555 2883 9,
572 2836 603 2870 ιο
613 2817 727 2885 (Migne‚
744 2817 812 2868 Patr.
831 2815 886 2881 lat,
898 2819 991 2883 XLIV,
1011 2833 1046 2869 cc.
1064 2819 1208 2884 389·390);

180 2895 228 2959 Id.,
246 2897 285 2947 Dr
297 2896 371 2964 gestis
387 2897 487 2965 Pelagij,
505 2915 525 2949 c.
546 2917 560 2948 2
578 2897 643 2961 &s.,
662 2895 705 2948 ubi
718 2895 811 2964 Pelegij
822 2895 935 2964 responsa
948 2895 974 2948 in
985 2895 1081 2949 concilio
1092 2895 1210 2964 vipperi-

180 2986 237 3028 tano
250 2975 381 3043 Palestinae
393 2979 537 3044 reserantur
549 2977 665 3046 (Migne,
676 2978 743 3028 Patr.
754 2975 808 3040 saa,
820 2977 911 3041 XLIV,
925 2993 962 3028 ce.
976 2993 1026 3042 3²²
1039 2977 1064 3027 de
1077 2975 1131 3045 s.).]

223 3104 235 3137 e
252 3080 376 3145 Tamen
397 3082 470 3147 scias
496 3084 526 3145 in
542 3082 598 3145 hac
613 3081 780 3164 provincia,
805 3078 896 3142 nullis
919 3079 1059 3143 humaniS
1079 3079 1208 3158 auxiliis,

181 3170 229 3230 sed
246 3171 368 3252 proprie
380 3171 493 3235 Christi
509 3170 654 3232 sententia
669 3167 787 3251 pulsum
801 3165 870 3247 esse,
884 3189 946 3229 non
963 3167 1058 3230 solum
1074 3168 1112 3230 de
1124 3169 1208 3248 urbe,

181 3258 229 3319 sed
250 3259 287 3320 de
304 3259 467 3346 Palestinae
491 3281 614 3342 quoque
634 3256 745 3320 finibus
766 3256 933 3321 Catilinam
957 3257 999 3329 (id
1011 3258 1055 3341 esl,
1067 3257 1208 3347 filiuser-

179 3369 265 3427 mone,
280 3345 458 3431 Pelagium).
477 3373 488 3405 2

251 3447 286 3518 [8.
304 3447 486 3519 Hieronymus,
499 3447 601 3518 Epislola
615 3447 789 3509 CXXXVIII,
800 3447 837 3496 ael
849 3443 979 3514 Riparium
999 3442 1118 3514 (MIgne,
1140 3447 1208 3498 Patr.

179 3529 233 3594 lat,
245 3530 329 3595 XXII,
342 3546 363 3581 c.
382 3534 428 3581 116
433 3527 483 3598 5)]

222 3651 235 3682 ι
253 3623 404 3687 Latebam
424 3645 498 3707 ergo
521 3621 643 3706 [Paulus
660 3618 799 3702 Orosius]
815 3620 845 3682 in
861 3617 1026 3697 Bethlehem,
1051 3619 1177 3682 traditus
1192 3641 1210 3684 a

180 3729 264 3796 patre
285 3711 469 3794 Augustino,
494 3727 527 3774 ut
548 3713 689 3773 timorem
704 3707 835 3770 Domini
862 3707 1017 3786 discerem,
1042 3707 1146 3770 sedens
1171 3711 1208 3771 ad

180 3802 274 3885 pedes
293 3801 492 3883 Hieronymi;
517 3800 587 3861 inde
602 3797 789 3886 Hierusalem
809 3796 897 3858 vobis
916 3794 1136 3859 accersentibus
1150 3819 1208 3859 vo-

179 3907 266 3953 catus
280 3891 398 3952 adveni.
414 3888 539 3952 Dehinc
554 3889 584 3951 in
599 3902 785 3950 conventum
808 3886 940 3949 vestrum
963 3906 1023 3948 una
1042 3884 1209 3964 vobiscum,

179 3977 295 4042 Ioanne
311 3979 454 4060 episcopo
467 3978 674 4060 praecipiente,
688 3976 810 4038 consedi
819 4021 917 4037 .....
934 3976 983 4038 Ad
1000 3975 1065 4037 haec
1077 3971 1208 4037 Ioannes

178 4067 349 4151 episcopus,
374 4083 407 4129 ut
422 4065 561 4149 Pelagius
576 4086 682 4128 coram
696 4065 960 4140 intromitteretur,
984 4064 1120 4145 expetiit.
1146 4063 1206 4127 Cui

179 4158 209 4220 δι
226 4172 351 4240 propter
370 4156 558 4238 paternitatIs
580 4154 669 4237 ipsius
683 4154 883 4216 reverentiam
899 4153 1063 4235 &propter
1076 4152 1206 4216 astionis

180 4246 353 4324 utilitatem,
381 4247 454 4306 dum
484 4243 660 4327 praesentem
686 4242 883 4325 abepiscopo
906 4241 1017 4305 redius
1042 4243 1205 4304 crederetis

179 4334 411 4416 confutandum,
425 4331 647 4396 intromittendi
662 4332 858 4395 conniventia
872 4329 1003 4413 praestita
1017 4330 1068 4394 est.
1086 4357 1098 4387 ι
