3390 5720
486 432 537 484 DE
560 431 666 484 Loels
685 430 811 483 SANCT
813 431 851 482 ts.
1113 431 1178 506 109

143 679 282 751 XXXII.
300 682 552 776 Eleutheropolis,
571 681 655 750 loeas
671 652 867 776 oeeifiottiss.
881 683 1044 766 Zacharie,
1057 703 1181 770 quercus

216 789 333 881 Ragd,
351 789 434 858 locas
452 789 605 880 ntefforam
623 789 760 874 aibacac,
771 791 850 878 fons
869 786 1021 881 Philippi,
1032 790 1121 880 patei

500 895 651 964 calumnia
670 898 827 964 nominari.

200 1078 331 1152 Deinde
349 1077 515 1152 deviantes
532 1078 685 1170 adlatus,
704 1079 852 1150 venimus
872 1080 904 1148 in
922 1079 1099 1169 civitatem,
1117 1103 1181 1173 que

147 1185 271 1258 dicitur
282 1190 535 1282 Eleutheropolis,
548 1187 582 1256 in
600 1187 721 1277 iocum,
739 1185 794 1257 ubi
807 1186 942 1258 Samson
961 1209 1038 1255 cum
1052 1185 1181 1256 maxilla

147 1289 231 1364 afini
245 1293 332 1364 mille
345 1292 468 1363 occidit
481 1295 578 1384 viros,
591 1319 630 1363 ex
645 1318 707 1389 qua
720 1293 791 1389 ipso
808 1316 923 1363 orante
938 1317 1024 1387 aqua
1038 1289 1180 1387 profluit.

150 1400 224 1494 Qui
250 1399 324 1471 fons
351 1401 452 1496 usque
476 1402 509 1470 in
529 1399 725 1471 hodiernum
751 1397 840 1470 diem
863 1401 975 1498 irrigat
999 1398 1067 1494 ipsa
1084 1398 1179 1491 loca3

149 1533 233 1576 nam
248 1509 282 1576 ὅ(
299 1508 333 1577 in
349 1507 439 1594 loco,
457 1506 512 1579 ubi
530 1509 638 1604 surgit,
657 1507 789 1580 fuimus.

202 1611 331 1684 Deinde
349 1615 497 1686 venimus
515 1616 547 1683 in
565 1615 688 1704 locum,
706 1618 756 1684 abi
768 1620 941 1684 Zacharias
954 1617 1070 1710 occisas
1087 1614 1130 1684 est
1147 1617 1182 1685 ἃ

148 1725 237 1792 iacet
252 1723 448 1816 incorpore.
467 1721 513 1792 13st
530 1719 574 1792 ibi
589 1719 721 1792 ecclefia
738 1745 869 1812 ornata;
882 1722 955 1792 sunt
969 1719 1013 1793 ibi
1025 1723 1089 1792 Dei
1102 1722 1182 1794 servi

148 1828 255 1898 multi.

204 1934 279 2007 Inde
303 1935 451 2005 venimus
479 1932 522 2004 ad
541 1935 665 2022 locunt,
688 1939 737 2005 abt'
758 1939 857 2029 isaias
878 1934 1040 2030 propheta
1064 1965 1082 2004 a
1091 1940 1181 2032 serra

139 2049 269 2139 secatus
287 2043 341 2131 est,
362 2043 397 2111 δι
419 2043 505 2110 iacet
523 2040 580 2113 sub
597 2069 702 2134 queret
725 2045 827 2136 Roga!
843 2041 931 2112 iuxta
948 2066 1109 2136 aquarum
1126 2041 1182 2113 de·

150 2152 292 2239 cursum,
316 2175 379 2245 que
397 2149 480 2218 serta
502 2150 534 2218 in
558 2150 778 2220 testimonium
795 2146 898 2244 pofita
923 2149 967 2218 est
989 2147 1032 2219 ad
1040 2153 1180 2242 fandata

149 2264 349 2330 Zachariam.
370 2255 500 2328 Deinde
516 2259 665 2328 venimus
682 2254 864 2348 adlocuta,
881 2260 931 2327 ubi
947 2261 1074 2328 abacta
1084 2286 1182 2353 praa·

149 2372 236 2437 dium
251 2371 386 2460 portavit
400 2361 608 2435 meffonbus.·

201 2470 248 2543 lbi
272 2469 316 2542 est
340 2471 426 2559 fons,
456 2474 506 2540 abi
532 2475 695 2566 Phih'ppus
725 2475 889 2565 baptiravit
920 2472 1116 2543 eunuchum.
1148 2477 1182 2544 ln

149 2577 271 2675 quibus
286 2579 367 2649 locis
382 2579 453 2648 sunt
459 2586 558 2672 putei,
575 2603 659 2673 quos
676 2577 830 2648 foderunt
840 2575 1007 2648 Abraham
1021 2581 1056 2649 δι
1071 2576 1178 2671 iacob,

148 2691 186 2758 ἃ
203 2685 448 2783 appellaverunt
464 2689 654 2756 calumniam.

149 2929 293 3003 XXXul.
319 2929 468 3023 ascalon,
487 2931 649 3023 Seraphin,
669 2933 832 3015 meritant,
858 2933 952 3023 Gara,
967 2933 1000 3023 s
1022 2931 1180 3000 Hilarion.

201 3111 280 3184 [nde
297 3109 407 3209 egrefft
424 3112 572 3180 venimus
587 3114 783 3206 aiscaloaem.
798 3109 845 3182 lbi
860 3111 905 3180 est
917 3135 1034 3207 puteus
1047 3113 1136 3207 pacis
1149 3115 1182 3183 in

150 3217 294 3291 modum
320 3217 437 3288 theatri
466 3217 580 3307 satius,
612 3219 645 3287 in
676 3243 743 3312 quo
770 3219 870 3313 usque
901 3215 945 3287 ad
974 3243 1096 3313 aquam
1125 3245 1183 3315 per

149 3324 273 3425 gradus
286 3323 499 3394 descenditur.
512 3322 558 3395 lbi
572 3325 775 3419 requiescunt
787 3349 849 3396 tres
864 3349 1037 3416 martyres3
1049 3327 1183 3420 propria

151 3430 289 3528 quidem
302 3428 423 3500 habent
435 3431 582 3520 nomina,
608 3429 663 3502 sed
681 3431 855 3528 vulgariter
869 3431 996 3528 Egyptij
1010 3454 1181 3505 vocantur.

151 3537 301 3610 Milliario
319 3564 338 3607 a
354 3538 483 3608 civitate
500 3541 652 3631 Sarapkia
670 3538 714 3608 est
732 3539 856 3628 civitas,
879 3539 913 3610 in
931 3539 1085 3634 proximo
1104 3539 1183 3610 civi·

152 3646 227 3717 tatis
256 3649 409 3715 Meriana
439 3647 618 3741 adscaloat's.
658 3643 735 3716 {nde
765 3646 913 3716 venimus
942 3643 985 3714 ad
1018 3646 1182 3716 civitatem

152 3756 334 3824 «Maiamam
350 3755 442 3842 Gara,
461 3752 492 3820 in
513 3777 578 3845 qua
594 3753 764 3846 requiescit
782 3753 907 3821 sandius
920 3753 1036 3822 Vistor
1050 3777 1182 3843 martyr.

152 3861 207 3932 De
228 3859 372 3928 Maiuma
401 3857 502 3953 usque
532 3861 646 3949 Gafam
672 3858 717 3928 est
741 3859 927 3928 milliarium
945 3881 1057 3930 unum.
1088 3861 1182 3928 Gaza

152 3990 266 4036 autem
284 3965 395 4034 civitas
413 3965 455 4034 est
473 3960 653 4059 splendida,
673 3964 836 4056 deliciosa,
854 3965 1003 4036 homines
1020 3967 1053 4034 in
1071 3990 1110 4036 ea
1124 3965 1183 4036 ho-

153 4070 326 4158 nestissimi,
347 4071 440 4141 omni
462 4068 650 4140 liberalitate
669 4069 792 4160 decori,
811 4095 972 4142 amatores
993 4072 1183 4170 peregrino·

152 4205 236 4248 rum.
272 4175 350 4248 Inde
384 4177 534 4249 milliario
565 4175 709 4250 secundo
744 4178 912 4275 requiescit
936 4181 1064 4274 sandius
1093 4203 1184 4274 pater

152 4287 313 4357 Hilarian.
