3296 5700
515 529 583 602 272
675 525 1004 579 SANCTIMONIALIS
1023 526 1378 580 HEYDENHEIMENSIS

513 747 687 844 episcopus
704 746 811 818 noster
829 744 912 816 duos
930 772 1046 836 annos,
1065 749 1100 817 δι
1118 743 1259 818 habehat
1275 750 1485 844 receptacula
1502 753 1553 822 in·

513 880 562 926 ms
579 855 636 924 in⁰
652 851 794 943 ecclesa,
814 878 848 924 ut
869 853 1036 948 quotidie⁶
1051 851 1182 950 possetc
1197 854 1348 950 aspicere,
1369 853 1425 926 ubi
1442 856 1552 926 sandi

513 961 766 1058 requiescebant.
775 961 809 1032 Et
820 957 899 1032 inde
910 964 999 1034 venit
1012 959 1055 1032 ad
1068 958 1182 1032 urbem
1195 960 1378 1055 Quantus
1392 960 1449 1032 ubi
1466 961 1553 1032 olim

513 1066 655 1140 habebat
676 1070 764 1141 cesar
781 1069 1017 1140 Constantinus
1040 1067 1214 1160 synodum.
1234 1068 1268 1138 Et
1293 1067 1338 1140 ibi
1355 1069 1493 1140 fuerunt
1510 1069 1554 1140 ad

515 1176 678 1267 synodum
695 1193 705 1220 ‘
722 1179 855 1247 trecenti
874 1175 991 1248 decem
1012 1180 1046 1247 δι
1064 1174 1168 1246 oscos
1188 1177 1351 1273 episcopi:
1368 1177 1415 1247 issi
1430 1203 1556 1248 omnes

513 1279 677 1354 habebant
695 1282 869 1373 synodum.
882 1282 917 1353 Et
933 1282 986 1352 issa
1004 1280 1135 1352 ecclesia
1153 1280 1259 1352 hmisis
1276 1284 1345 1353 esti
1361 1283 1406 1354 isli
1417 1281 1557 1354 ecclesie

513 1389 546 1461 in
564 1414 681 1460 monte
704 1389 841 1480 Oliveti,
860 1387 918 1460 ubi
937 1390 1102 1459 Dominus
1120 1387 1264 1459 ascendit
1280 1389 1314 1460 in
1333 1391 1450 1461 celum.
1473 1390 1557 1460 Etin

514 1495 567 1567 issa
581 1493 712 1568 eccleha
729 1521 822 1568 erant
834 1498 995 1593 imagines
1015 1497 1256 1592 episcoporum,
1274 1499 1437 1591 quierant
1453 1495 1506 1566 ibi
1526 1499 1557 1566 in

517 1601 654 1695 synodo,
678 1603 711 1673 [t
732 1604 785 1674 ille
802 1601 1012 1673 Willibasdus
1040 1599 1200 1699 pergebat
1215 1602 1291 1673 illuc
1316 1630 1336 1673 a
1362 1603 1558 1674 Constanti-

516 1710 645 1807 nopoli,
671 1735 705 1780 ut
721 1709 847 1782 videret
868 1708 1043 1804 quomodo
1067 1707 1145 1779 esset
1166 1709 1251 1779 faeta
1272 1709 1325 1780 isla
1354 1709 1506 1798 ecclesia,
1525 1715 1558 1780 ἃ

515 1817 633 1888 iterum
652 1819 807 1887 remeavit
825 1815 868 1886 ad
887 1817 1227 1910 Constantinopolim.

542 2053 645 2124 XXX.
665 2058 820 2148 Syracuse,
839 2059 968 2142 Carano,
994 2061 1158 2152 Rhegium,
1183 2060 1320 2146 infernus
1336 2057 1526 2126 Theoderici

873 2173 1015 2264 ininsula
1040 2171 1199 2241 Vulcani!

564 2356 598 2425 Et
621 2356 694 2452 post
715 2354 798 2426 duos
823 2381 939 2446 annos,
965 2355 1202 2452 navigaverunt
1224 2353 1299 2424 inde
1323 2381 1401 2424 cum
1431 2357 1553 2425 nuntiis

516 2487 603 2560 pape
615 2463 785 2533 &Cesatis
800 2463 833 2532 in
845 2462 983 2532 insulam
995 2463 1147 2552 Siciliam,
1160 2460 1204 2533 ad
1218 2459 1331 2532 urbem
1338 2467 1530 2558 siracusam.
1543 2464 1552 2504 ¹'

516 2569 550 2640 Et
562 2568 639 2640 inde
651 2571 741 2640 venit
754 2568 797 2640 ad
810 2568 925 2640 urbem
939 2572 967 2639 C
967 2596 1096 2660 arenam,
1109 2567 1232 2639 &inde
1245 2571 1334 2640 venit
1347 2566 1391 2639 ad
1402 2573 1552 2663 ‘Regiam

516 2678 681 2749 civitatem
700 2677 735 2746 in
754 2675 918 2748 Calabria.
943 2676 977 2746 Et
997 2673 1074 2746 inde
1092 2678 1330 2773 navigaverunt
1350 2674 1393 2746 ad
1412 2676 1553 2746 insulam

524 2785 709 2856 Vulcanum.
724 2781 769 2852 sbi
781 2783 826 2853 est
843 2789 979 2875 infernus
988 2782 1179 2854 Theoderici.
1189 2782 1347 2877 Cumque
1360 2783 1439 2852 issue
1451 2784 1554 2854 venis·

519 2888 623 2979 sent,s
639 2886 859 2960 ascendebant
871 2889 914 2960 de
926 2892 1014 2978 navi,
1032 2914 1067 2960 ut
1087 2887 1211 2960 videret
1231 2888 1333 2983 quasis
1354 2885 1437 2959 esset
1456 2889 1554 2960 inser·

519 3022 589 3066 nus.
610 2996 790 3091 Statimque
806 2993 1017 3066 Wilsibaldus
1036 2992 1187 3066 curiosius
1203 2995 1318 3066 volens
1334 2994 1458 3084 videre,
1475 3021 1555 3090 qua-

518 3102 556 3172 sis
578 3099 656 3173 esset
681 3103 766 3171 intus
789 3101 842 3171 isse
852 3102 1011 3189 infernus,
1032 3101 1165 3173 volebat
1183 3100 1357 3172 ascendere
1377 3103 1411 3172 in
1432 3105 1555 3173 montis

522 3233 694 3295 cacumen,
713 3204 768 3278 uhi
785 3209 928 3280 infernus
953 3206 1062 3280 subtus
1079 3231 1158 3297 erat,
1177 3211 1211 3278 &
1224 3233 1293 3278 non
1311 3231 1454 3304 poterat,
1478 3213 1556 3303 quia

521 3314 630 3386 saville
644 3312 685 3384 de
701 3338 785 3384 tetro
800 3314 938 3385 Tartaro
949 3322 961 3364 s
971 3316 1071 3410 usque
1087 3311 1129 3383 ad
1146 3316 1331 3410 marginem
1344 3314 1556 3386 ascendentes

512 3409 514 3414 ⁵
522 3421 704 3520 glomerate
716 3421 780 3492 illic
794 3420 954 3512 iacebant,
966 3425 1000 3492 &
1016 3420 1058 3491 ad
1070 3421 1165 3491 instar
1180 3420 1415 3516 nivis,quando
1425 3421 1469 3492 de
1482 3423 1555 3493 celo

522 3523 635 3600 nivans
664 3526 822 3598 candidas
837 3530 847 3574 s
862 3529 1045 3623 nivalesque
1060 3526 1214 3598 cadentes
1234 3551 1377 3598 catervas
1399 3526 1444 3598 de
1464 3531 1556 3599 aeriis

522 3634 669 3706 etherum
683 3632 809 3705 arcibus
822 3660 1015 3706 coacervare
1026 3634 1117 3724 solet,
1136 3635 1181 3704 ita
1196 3634 1302 3706 favisse
1317 3659 1512 3705 coacervate
1524 3638 1554 3706 in

524 3741 617 3837 apice
636 3743 758 3812 montis
781 3739 942 3830 iacebant,
965 3745 1000 3811 &
1019 3741 1185 3811 ascensum
1201 3739 1384 3812 Wissibasdi
1400 3741 1555 3837 prohibe

523 3846 613 3919 bant.
635 3845 699 3918 Sed
721 3871 833 3918 tamen
853 3871 969 3919 tetram
983 3869 1082 3941 atque
1101 3845 1277 3917 terribilem
1290 3846 1557 3944 horrendamque

559 4078 584 4111 a.
600 4061 628 4111 C.
639 4059 714 4112 iutra.
728 4089 762 4099 -
776 4061 802 4111 b.
818 4062 846 4113 C.
859 4059 1007 4112 cottidic.·-
1105 4059 1131 4110 h.
1150 4058 1246 4111 ‘Titulus
1257 4061 1285 4112 d.
1299 4059 1325 4110 irr
1339 4061 1379 4124 0.,
1400 4060 1428 4111 s’.
1449 4087 1481 4098 -
1494 4059 1513 4114 i.
1528 4061 1552 4112 s.

522 4156 546 4191 c.
563 4139 591 4192 C.
609 4137 736 4208 potuisset.
753 4168 785 4178 -
796 4140 822 4191 d.
836 4142 863 4192 C.
874 4137 1006 4191 uicenam.
1071 4138 1226 4191 Sancusam.
1239 4167 1272 4178 -
1283 4141 1304 4207 j.
1321 4142 1350 4193 C.
1364 4138 1510 4192 veniebant.
1523 4169 1553 4181 -

522 4247 556 4258 -
569 4236 593 4271 e.
609 4218 642 4270 ad
657 4219 779 4288 synodum
789 4221 816 4270 d.
829 4219 854 4271 in
867 4220 895 4271 C.
907 4247 938 4258 —
952 4219 1006 4271 s.C.
1070 4218 1098 4270 k.
1112 4219 1226 4271 Tartaro
1239 4222 1263 4272 d.
1277 4219 1418 4272 inc-1.
1434 4219 1553 4272 cninl'u

520 4297 626 4370 cccxvij.
643 4327 676 4337 -
690 4315 716 4370 g.
731 4299 764 4352 est
778 4300 804 4350 d.
818 4299 844 4351 irr
857 4299 884 4350 F.
1070 4297 1218 4356 candidius.
