3390 5720
472 501 539 578 116
772 519 997 574 ANTortntus
1023 518 1198 572 MARTYR

468 742 579 838 liquor
604 736 700 838 ipsus
728 741 890 837 unguenti
917 763 1006 810 tenet
1033 738 1194 808 continuo
1222 761 1281 833 per
1310 734 1380 806 duo
1402 739 1504 810 millia

470 849 610 920 odorem
628 845 809 944 quemdam
826 846 1047 944 sulphureum.
1061 845 1179 942 Qralis
1196 845 1243 916 vis
1261 845 1351 914 enim
1368 848 1506 942 tempes-

469 958 543 1028 tatis
566 954 602 1028 srt
619 957 726 1045 maris,
750 979 921 1049 tamquam
943 955 977 1023 in
999 953 1115 1049 stagno
1138 951 1223 1022 infra
1242 951 1332 1022 littus
1353 951 1421 1022 illic
1439 953 1506 1025 stat.

470 1064 554 1135 Infra
572 1064 738 1134 civitatem
757 1063 862 1158 ipsam
879 1061 1025 1152 Clysma,
1048 1061 1136 1130 intus
1158 1061 1192 1130 in
1215 1055 1347 1130 bafilica
1367 1059 1508 1133 vidimus

471 1172 599 1243 loculos
611 1170 740 1270 ligneos
754 1173 942 1243 I'anslorum
954 1191 1087 1267 patrum
1096 1171 1305 1241 eremitarum
1318 1169 1402 1240 ultra
1414 1173 1508 1240 ocio-

471 1277 592 1352 decim.

472 1520 573 1593 XLIII.
599 1524 792 1615 Syrucumlu,
816 1523 967 1589 curarasle
990 1522 1098 1614 Nili,
1122 1521 1304 1614 Babylonia,
1329 1523 1509 1614 Memphis,

913 1627 1063 1696 murinae.

521 1816 555 1886 Et
571 1813 649 1886 inde
662 1813 811 1886 venimus
829 1839 888 1910 per
901 1839 1048 1884 eremum
1065 1813 1108 1885 ad
1122 1815 1311 1911 speluncam
1324 1813 1412 1885 beati
1425 1813 1514 1884 Pauli

473 1922 617 2012 eremite,
645 1947 709 2016 que
735 1944 872 1991 vocatur
888 1924 1079 2013 Syracumba,
1103 1919 1146 1992 ad
1175 1920 1313 2013 fontem,
1336 1924 1394 2016 qui
1412 1922 1515 2016 usque

474 2027 632 2100 haelenus
651 2053 758 2100 totum
775 2028 888 2098 locum
906 2027 1012 2124 ipsum
1027 2028 1149 2124 irrigat.
1170 2028 1300 2099 Deinde
1318 2031 1438 2100 iterum
1454 2054 1515 2125 per

474 2162 625 2206 eremum
642 2137 792 2207 venimus
810 2133 853 2206 ad
872 2139 1041 2204 carmadas
1057 2137 1165 2229 ι7“<ἰ1ἰ,
1191 2133 1247 2206 ubi
1264 2161 1351 2232 aqua
1367 2134 1516 2208 ascendit

476 2241 519 2314 ad
536 2241 676 2340 srgnum,
694 2243 916 2313 monitionem
933 2268 1033 2340 manu
1052 2241 1194 2313 hominis
1213 2243 1345 2334 faciam,
1364 2246 1399 2312 ἀ
1416 2240 1517 2313 habet

476 2345 595 2446 gradus
614 2349 804 2420 duodecim.
826 2353 859 2419 In
872 2351 1024 2444 proxima
1041 2354 1202 2421 cataracla
1217 2377 1257 2421 err
1271 2373 1408 2444 utraque
1421 2374 1517 2446 parte

476 2457 541 2528 Nili
559 2459 633 2528 sunt
650 2456 714 2528 due
732 2457 888 2544 civitates,
904 2482 984 2551 quas
1001 2455 1115 2528 dicunt
1132 2457 1211 2528 filias
1228 2456 1310 2528 Loth
1331 2453 1513 2547 edificasse3

476 2589 543 2634 una
560 2589 672 2633 earum
691 2566 863 2657 Babylonia
883 2561 1010 2632 dicitur.
1035 2565 1131 2633 Tunc
1148 2564 1296 2635 venimus
1314 2587 1372 2658 per
1388 2587 1514 2655 campos

481 2672 598 2742 ‘Teneor
621 2672 657 2740 in
683 2673 851 2764 Memphis
875 2671 1041 2740 civitatem
1066 2670 1158 2740 &in
1183 2675 1352 2758 ostrinoerr,
1384 2669 1418 2738 in
1445 2694 1514 2763 qua

481 2775 637 2848 residebat
653 2777 786 2868 Pharao,
812 2803 851 2848 ex
876 2773 1016 2871 quibus⁰
1044 2780 1079 2846 ἃ
1095 2775 1151 2866 filij
1175 2775 1266 2848 Israel
1290 2778 1446 2848 exierunt.
1476 2779 1510 2846 In

483 2882 557 2980 ipsts
577 2884 657 2956 Iocis
674 2884 746 2956 sunt
763 2883 879 2954 horrea
896 2884 951 2955 XII
967 2883 1079 2980 loseph
1097 2883 1206 2979 plena.

790 3125 898 3197 XLIV.
918 3131 1028 3197 Iterum
1047 3128 1225 3220 Memphis.

529 3316 562 3383 In
581 3311 730 3406 Memphi
758 3311 819 3382 suit
845 3311 1019 3406 templum,
1044 3309 1137 3406 quod
1167 3308 1273 3380 modo
1299 3310 1344 3380 est
1369 3307 1523 3381 ecclesa:

480 3421 571 3490 cuius
605 3444 670 3488 una
703 3443 800 3515 porta
829 3419 861 3489 se
895 3415 1006 3489 claufit
1034 3442 1111 3488 ante
1141 3418 1328 3488 Dominum
1361 3417 1522 3508 nostrum,

482 3525 616 3623 quando
639 3550 716 3594 cum
743 3523 838 3596 beata
859 3526 962 3596 Maria
989 3525 1054 3596 illic
1081 3525 1152 3614 suit,
1179 3527 1214 3594 δε
1243 3525 1343 3620 usque
1364 3524 1522 3595 hacienus

480 3660 550 3707 non
569 3631 674 3728 porest
691 3633 817 3728 aperiri.
849 3631 893 3702 Ibi
910 3630 1053 3703 vidimus
1075 3630 1211 3726 pallium
1235 3630 1370 3722 lineum,
1396 3632 1430 3700 in
1448 3657 1519 3727 quo

482 3741 526 3813 est
547 3737 671 3838 effigies
690 3738 874 3830 Salvatoris,
897 3765 998 3834 quem
1017 3737 1131 3808 dicunt
1149 3733 1265 3808 tersisse
1286 3737 1405 3809 faciem
1428 3737 1519 3808 suam

480 3853 570 3921 ineo
583 3849 617 3916 δι
630 3843 810 3916 remanfisse
827 3843 872 3916 ibi
887 3848 955 3917 eius
970 3847 1162 3943 imaginem,
1177 3869 1241 3942 que
1258 3847 1371 3942 imago
1386 3843 1519 3942 singulis

482 3951 684 4051 temporibus
719 3951 885 4045 adoratur,
925 3958 960 4024 ἃ
996 3979 1057 4025 nos
1091 3979 1165 4024 eam
1200 3951 1431 4043 adoravimus3
1466 3947 1523 4021 sed

483 4085 619 4162 propter
646 4057 856 4155 splendorem
882 4085 953 4132 non
983 4062 1152 4156 potuimus
1183 4061 1215 4129 in
1229 4085 1315 4130 eam
1340 4057 1523 4146 intendere,

485 4171 572 4268 quia,
590 4189 750 4262 quantum
767 4167 801 4236 in
819 4167 925 4264 ipsam
942 4165 1088 4267 effigiem
1104 4165 1260 4258 intendis,
1276 4167 1469 4239 immutatur
1484 4165 1519 4236 in

485 4274 588 4348 oculis
605 4273 677 4346 tuis.

522 4435 545 4471 a.
561 4415 648 4484 G.,al
663 4433 766 4488 exque.
