3296 5700
526 563 596 645 232
848 563 956 618 unna
980 561 1228 617 vnmnnnurs

525 815 646 886 corpus
672 790 706 859 in
733 787 881 860 orientali
906 810 997 884 parte
1026 784 1167 858 eiusdem
1193 783 1323 858 ecclesie
1352 809 1427 858 ante
1454 786 1561 857 altare

524 894 696 967 humatum
709 894 764 987 est,
776 895 939 966 memoria
950 889 1150 991 superpofita
1163 892 1205 965 de
1219 892 1382 990 quadrato
1390 918 1562 964 marmore

572 1108 671 1180 Circa
695 1107 807 1179 Nilum
830 1107 955 1206 Egyptij
976 1135 1113 1207 aggeres
1141 1105 1271 1180 crebros
1297 1131 1434 1205 propter
1453 1109 1562 1204 irmp

524 1219 648 1289 tionem
673 1242 832 1314 aquarum
860 1217 966 1289 facere
992 1217 1107 1310 solent,
1132 1219 1202 1314 qui,
1227 1216 1247 1289 fi
1273 1219 1358 1289 forte
1383 1215 1561 1287 cuslodum

523 1326 646 1396 incuria
664 1325 751 1421 rupti
768 1323 896 1415 suerint,
914 1351 983 1396 non
1001 1327 1145 1424 irrigant,
1169 1323 1224 1398 sed
1241 1327 1435 1423 opprimunt
1458 1347 1562 1394 tems

523 1430 731 1504 subiacentes,
754 1429 789 1501 Et
814 1431 891 1527 quia
913 1432 1011 1528 plana
1027 1433 1152 1531 Egyptij
1173 1432 1333 1525 incolunt,
1361 1432 1454 1528 super
1469 1431 1562 1501 rivos

522 1564 683 1636 aquarum
709 1534 765 1609 srbi
789 1536 910 1609 domos
936 1539 1072 1631 faciunt,
1097 1538 1284 1612 transversas
1309 1537 1431 1611 trabes¹
1448 1538 1562 1634 super·

523 1669 695 1744 ponentes.

574 1910 646 1982 XX.
672 1913 724 1980 De
740 1910 1042 2004 Constantinopoli&
1057 1911 1179 2006 bafilica
1197 1915 1228 1981 t'rr
1248 1939 1283 1981 eo
1301 1913 1370 1982 urbe
1389 1936 1504 1980 nucem

691 2061 693 2066 ·
879 2023 1011 2088 Domini
1026 2021 1204 2088 continente.

570 2202 878 2302 Constantinopolis
917 2201 1063 2300 undique
1102 2227 1209 2300 preter
1246 2201 1440 2298 aquilonem
1472 2205 1560 2274 mari

523 2311 647 2408 Magno
678 2309 843 2406 sexaginta
872 2309 1012 2382 millibus
1042 2308 1194 2407 passuum
1218 2310 1319 2405 usque
1350 2307 1396 2380 acl
1424 2335 1559 2381 murum

523 2418 661 2489 civitatis
679 2417 714 2486 ἃ
731 2443 751 2487 a
767 2443 863 2487 muro
882 2418 1016 2490 civitatis
1035 2417 1134 2513 usque
1151 2415 1195 2487 ad
1212 2415 1292 2486 ostia
1309 2414 1454 2504 Danubii
1476 2442 1559 2512 qua·

522 2523 672 2622 draginta
695 2521 836 2594 millibus
852 2522 1004 2622 passuum
1026 2522 1219 2611 extenditur,
1237 2519 1363 2593 ambitu
1384 2548 1560 2594 murorum

522 2633 611 2702 iuxta
636 2629 730 2701 situm
760 2632 857 2702 maris
885 2630 1045 2728 anguloso
1076 2628 1254 2702 duodecim
1278 2629 1379 2700 millia
1403 2627 1560 2726 passuum

524 2737 806 2834 circumpleclitur,
832 2739 929 2809 Hanc
948 2739 1056 2834 primo
1074 2737 1323 2809 constantium
1348 2737 1436 2807 iuxta
1457 2765 1560 2827 mare,
1644 2773 1645 2825 r

523 2841 615 2941 quod
628 2839 738 2913 Afiam
750 2843 979 2941 Europamque
991 2841 1199 2934 disterminat,
1216 2841 1366 2914 edificare
1383 2841 1561 2939 disposuit,

524 2948 580 3020 sed
599 2945 744 3046 quadam
769 2955 868 3020 nosse
886 2950 1081 3022 ferramenta
1104 2952 1218 3022 omnia
1238 2948 1358 3039 ablata,
1382 2949 1480 3020 millis
1503 2949 1562 3044 qui

522 3081 702 3152 quererent,
727 3056 762 3126 in
785 3081 875 3152 parte
903 3057 1053 3152 Europe,⁶
1078 3055 1134 3128 ubi
1154 3083 1242 3129 nunc
1267 3057 1312 3128 est
1333 3057 1401 3153 ipsa
1427 3057 1558 3148 civitas,

520 3163 653 3234 inventa
675 3162 761 3234 sunt:
783 3160 828 3234 ibi
850 3163 937 3234 enim
959 3161 1026 3234 fieri
1043 3164 1107 3234 Dei
1129 3161 1301 3234 voluntasd
1316 3161 1480 3235 intelledla
1501 3163 1558 3235 est.

572 3274 605 3342 ln
630 3269 692 3340 hac
718 3268 797 3342 urbe
823 3274 945 3367 bafisico
972 3271 1046 3342 miri
1072 3272 1190 3368 operis,
1212 3295 1278 3367 que
1302 3275 1413 3343 saroa
1438 3275 1561 3366 Sophia
1643 3269 1644 3274 ’

521 3377 786 3474 cognominatur,
812 3375 957 3447 rotundo
984 3377 1145 3449 schemate
1171 3405 1191 3450 a
1216 3374 1435 3448 fundamentis
1461 3377 1560 3448 cons·

520 3487 623 3554 moa
647 3484 682 3553 ἀ
711 3507 886 3573 camerata,
912 3481 1011 3555 tribus
1038 3485 1146 3556 cincla
1167 3483 1342 3581 parietibus
1366 3486 1401 3555 dt
1425 3485 1561 3582 magnis

522 3588 692 3661 sustentata
711 3589 874 3661 columnis
891 3587 1092 3686 arcubusque
1111 3588 1281 3662 sublimata
1298 3589 1352 3681 est,
1368 3591 1457 3662 cuius
1475 3591 1561 3662 inte

520 3697 585 3767 rior
601 3694 721 3766 domus
743 3697 777 3766 in
797 3695 977 3792 aquilonali
997 3695 1043 3767 sui
1064 3721 1157 3794 parte
1173 3695 1299 3794 grande
1320 3698 1355 3767 ἃ
1372 3695 1467 3768 valde
1484 3698 1561 3794 pul·
1642 3715 1643 3741 l

521 3827 613 3873 crum
638 3803 814 3873 armarium
837 3799 944 3891 habet,
970 3804 1003 3872 in
1033 3828 1102 3899 quo
1125 3804 1221 3901 capsa
1241 3802 1352 3901 lignea
1374 3801 1561 3900 ligueoque

520 3907 721 4004 cooperculo
734 3912 819 3980 reeta
832 3911 934 3979 crucis
943 3909 1121 3980 Dominice
1133 3935 1196 3981 tres
1208 3908 1381 4006 particulas
1393 3909 1559 3998 continet,

518 4016 660 4114 longum
676 4013 827 4086 videlicet
842 4013 972 4112 lignum
985 4016 1018 4086 in
1038 4014 1119 4087 duas
1133 4041 1240 4113 partes
1252 4015 1389 4088 incisum
1406 4017 1441 4088 δι
1455 4017 1560 4088 trans·
1641 4117 1642 4130 ἵ

555 4271 578 4306 a.
597 4254 651 4320 Pa,
670 4253 704 4306 al.
725 4253 865 4307 transversis
882 4253 1004 4306 trabibus.
1102 4269 1123 4306 o
1137 4253 1243 4306 Tamum
1252 4254 1292 4305 Pb.
1304 4251 1559 4307 Ruricium-dall.

520 4361 556 4374 —·
568 4335 593 4386 b.
607 4334 661 4400 Pa,
675 4333 709 4386 al.
720 4333 857 4387 addimin
872 4332 967 4386 Cilicia
1066 4331 1205 4399 voluntate,
1213 4345 1284 4385 nutu.
