3390 5720
528 521 593 570 122
826 518 1049 571 ANTONINUS
1075 518 1250 571 MARTYR

523 735 702 818 responsum.
727 734 884 797 Nummos
902 750 1005 797 autem
1030 756 1091 796 non
1106 734 1259 817 accipient
1273 732 1416 796 demanii
1433 748 1496 808 tua,
1516 729 1553 793 set

524 842 555 889 tu
579 829 609 888 in
630 847 709 910 aqua
723 815 864 908 proiicies
888 844 950 887 eos.
973 823 1014 886 Et
1037 827 1218 888 denuntiant
1239 825 1293 888 tibi
1314 825 1439 907 quando
1460 821 1555 902 ingre-

524 915 622 976 diaris.
646 913 743 975 Tunc
761 935 834 976 vero
857 914 921 976 noli
938 934 1078 995 expuere.
1103 912 1132 976 si
1149 929 1251 975 autem
1266 913 1417 996 expueris,
1435 909 1556 972 scanda-

524 1003 704 1065 lizabuntur.
744 1002 817 1066 Sero
851 1019 954 1065 autem
989 1001 1168 1085 purificante
1197 1001 1225 1064 se
1250 1003 1425 1083 inaquam,
1460 998 1491 1060 dr
1521 994 1556 1058 fic

523 1092 733 1174 ingrediuntur
753 1094 784 1154 in
806 1093 877 1154 vico
900 1107 952 1154 aut
975 1093 1005 1154 in
1027 1093 1193 1154 civitatem.
1218 1089 1342 1154 Deinde
1363 1090 1506 1151 venimus
1527 1085 1555 1148 in

523 1181 593 1244 loco
608 1182 659 1243 ubi
683 1181 839 1244 Dominus
864 1182 902 1242 de
927 1181 1064 1263 quinque
1086 1180 1214 1263 panibus
1236 1179 1406 1243 &duobus
1427 1174 1558 1259 piscibus

523 1271 659 1354 quinque
674 1270 770 1332 millia
784 1270 947 1332 hominum
961 1268 1087 1346 satiavit,
1101 1285 1185 1332 extra
1201 1269 1343 1350 parvulos
1360 1267 1390 1330 δι
1406 1265 1558 1340 mulieres,

522 1359 643 1422 extensa
658 1359 818 1440 campania
832 1359 946 1420 oliveta
960 1357 990 1420 δι
1006 1357 1147 1439 palmeta.

563 1446 684 1511 Exinde
708 1447 848 1510 venimus
866 1448 903 1509 ad
926 1447 1030 1510 locum
1055 1447 1107 1510 ubi
1127 1446 1300 1529 baptizatus
1324 1444 1366 1508 est
1391 1443 1558 1507 Dominus

523 1536 559 1600 ln
584 1537 647 1620 ipso
672 1537 743 1600 loco
766 1535 818 1618 filij
845 1533 933 1598 Israel
957 1535 1133 1600 transierunt
1154 1533 1326 1613 Iordanem,
1350 1533 1379 1598 ἃ
1401 1533 1459 1616 fiiij
1491 1555 1559 1616 pro-
1675 1572 1676 1577 κ

524 1627 683 1708 phetarum
709 1624 906 1708 perdiderunt
934 1625 1085 1704 securem,
1116 1624 1146 1688 St
1177 1647 1214 1686 ex
1247 1622 1310 1706 ipso
1343 1623 1414 1686 loco
1444 1623 1558 1705 Helyas
1676 1683 1677 1690 ,

524 1710 690 1796 assumptus
709 1714 751 1776 est
770 1715 800 1775 iii
815 1713 928 1792 celum,
951 1714 1054 1797 ibique
1074 1735 1162 1777 mons
1178 1713 1316 1775 Hermon
1332 1713 1485 1788 modicus,
1507 1711 1556 1792 qui
1675 1724 1676 1729 ’

524 1800 633 1884 legitur
647 1803 677 1864 in
694 1802 824 1886 psalmo:
846 1803 896 1864 Ad
913 1804 1005 1884 pedes
1021 1804 1134 1867 montis
1155 1802 1244 1884 ipsius
1259 1801 1392 1865 ascendit
1406 1802 1445 1863 de
1464 1800 1558 1863 fluvio
1675 1882 1676 1887 η

524 1890 619 1953 nubes
643 1892 718 1954 hora
743 1893 841 1975 prIma
864 1893 982 1955 oriente
1009 1892 1078 1956 sole.
1102 1891 1338 1955 Hierosolimam
1362 1891 1449 1953 venit
1474 1889 1559 1972 super

523 1977 675 2040 basilicam
690 2003 749 2064 que
765 1981 807 2042 est
822 1983 852 2043 in
868 1982 948 2065 Syon
965 1981 1096 2064 &super
1110 1980 1261 2043 basilicam
1276 1979 1386 2043 Sansle
1402 1979 1508 2042 Marie
1522 1979 1557 2040 ad
1675 1990 1676 1995 ’

525 2065 666 2129 Sandlam
674 2068 829 2152 Sophiam,
836 2093 896 2154 que
906 2071 963 2132 suit
973 2071 1140 2153 pretorium
1147 2069 1198 2131 ubi
1208 2070 1328 2133 auditus
1339 2068 1381 2131 est
1390 2067 1557 2132 Dominus

524 2153 620 2237 Super
633 2156 679 2218 his
702 2156 779 2220 locis
801 2158 955 2221 descendit
978 2180 1028 2222 ros
1043 2158 1117 2222 sicut
1133 2158 1247 2242 pluvia,
1265 2158 1295 2221 δι
1316 2157 1470 2240 colligunt
1487 2175 1558 2216 eum
1676 2206 1677 2235 ,

525 2244 647 2323 medici,
668 2243 743 2307 &in
767 2246 830 2328 ipso
852 2248 1044 2330 decoquntur
1063 2268 1169 2310 omnes
1193 2247 1381 2309 defeuiones
1402 2241 1559 2326 perlfino-
1676 2242 1677 2261 ¹

524 2333 645 2394 dochia.
666 2333 750 2396 Nam
773 2335 861 2396 multi
884 2333 1022 2416 langores
1038 2334 1176 2398 sanantur
1191 2335 1231 2396 ibi
1247 2335 1299 2396 ubi
1319 2334 1401 2396 cadit
1417 2331 1481 2414 ipse
1499 2354 1557 2395 ros.

524 2420 590 2504 Ipse
613 2421 655 2484 esi
675 2424 758 2484 enim
777 2442 826 2485 ros
848 2424 886 2485 de
908 2445 971 2505 quo
991 2424 1139 2506 propheta
1161 2424 1245 2486 canit
1260 2422 1378 2485 David:
1401 2421 1489 2486 Sicut
1510 2443 1558 2484 ros

524 2509 663 2573 Hermon
686 2511 738 2594 qui
754 2511 908 2574 descendit
923 2512 953 2573 in
969 2510 1058 2594 Syon.
1082 2508 1117 2572 ln
1134 2511 1185 2574 illa
1199 2512 1265 2594 ripa
1278 2508 1417 2574 Iordanis
1432 2509 1477 2573 esi
1491 2511 1558 2574 sons

524 2600 576 2662 ubi
592 2599 766 2682 baptizabat
785 2597 903 2663 sandius
918 2596 1079 2663 lohannes.
1096 2597 1173 2663 Inde
1187 2601 1280 2684 usque
1294 2600 1459 2666 Iordanem
1474 2598 1558 2661 milia

524 2690 594 2752 duo.
616 2686 652 2750 In
678 2687 739 2772 ipsa
759 2688 838 2751 valle
864 2691 1006 2751 inventus
1029 2688 1072 2752 est
1096 2690 1220 2773 Helyas,
1245 2691 1368 2775 quando
1392 2691 1421 2753 ‘ei
1447 2709 1556 2752 corvus

523 2777 676 2840 deferebat
698 2776 855 2860 panem&
878 2797 991 2841 carnes.
1023 2773 1058 2838 In
1081 2779 1209 2841 circuitu
1234 2795 1337 2842 autem
1357 2778 1445 2841 vallis
1468 2775 1557 2859 iplius

524 2866 689 2929 multitudo
704 2865 975 2949 heremitarum,&
990 2866 1030 2928 ibi
1047 2865 1088 2928 est
1108 2867 1215 2931 civitas
1231 2886 1336 2950 prope,
1355 2889 1416 2950 que
1430 2881 1558 2931 vocatur

522 2953 700 3028 Salamiada,
718 2955 770 3017 ubi
782 2954 961 3019 remiserunt
977 2955 1036 3018 due
1054 2954 1141 3018 semis
1156 2956 1251 3019 tribus
1266 2953 1364 3034 Israel,
1383 2955 1557 3039 priusquam

523 3042 677 3106 transirent
696 3041 869 3122 Iordanem,
890 3045 920 3105 in
939 3066 1002 3126 quo
1026 3043 1097 3106 loco
1112 3043 1178 3106 sunt
1200 3060 1296 3106 terme
1316 3065 1353 3107 ex
1368 3044 1396 3108 se
1411 3045 1556 3122 lavantes,

523 3151 583 3212 que
597 3147 745 3193 vocantur
757 3131 876 3194 Terme
892 3131 1004 3216 Moysi,
1019 3134 1070 3196 ubi
1086 3135 1179 3196 etiarn
1193 3133 1223 3196 Sc
1239 3132 1346 3216 leprosi
1361 3134 1557 3210 mundantur,

526 3216 608 3280 &ibi
617 3219 854 3284 estdulciffimus
863 3243 941 3304 aque
954 3223 1021 3286 sons
1030 3223 1113 3305 quod
1123 3221 1236 3283 bibitur
1247 3237 1371 3304 propter
1381 3222 1557 3298 catarcium,
1678 3291 1679 3304 ,

523 3305 554 3368 ἃ
575 3308 688 3371 multos
711 3307 791 3371 sanat
812 3309 959 3392 langores.
987 3310 1063 3373 Non
1085 3309 1176 3392 longe
1197 3332 1215 3372 a
1244 3311 1317 3372 mari
1333 3309 1504 3372 Salinanirn
1526 3310 1555 3370 in
1678 3307 1679 3336 ¹

523 3421 585 3481 quo
601 3397 746 3464 Iordanes
762 3402 938 3483 ingreditur,
954 3401 1055 3465 subtus
1070 3401 1281 3466 Sodomam&
1297 3402 1497 3482 Gomorram,
1519 3403 1554 3464 ad

524 3489 611 3552 cuius
627 3489 712 3552 littus
727 3489 864 3552 bitumen
880 3489 910 3552 δι
925 3489 1047 3574 sulphur
1061 3493 1226 3577 coIIIgitur,
1242 3495 1273 3557 in
1288 3517 1351 3578 quo
1366 3494 1441 3556 mari
1455 3489 1555 3554 mense

524 3576 599 3639 iulio
624 3576 654 3641 δι
676 3577 812 3661 augusto,
834 3577 862 3640 δι
885 3577 977 3663 usque
996 3583 1098 3644 medio
1121 3581 1280 3666 septembri
1304 3599 1367 3646 tota
1386 3583 1436 3644 die
1457 3582 1557 3644 iacent

523 3662 648 3748 leprosi3
670 3667 707 3727 ad
723 3665 880 3748 vesperum
894 3684 997 3730 autem
1012 3669 1150 3734 levantur
1165 3672 1195 3733 iii
1215 3671 1290 3754 ipsas
1305 3689 1425 3749 termas,
1449 3670 1480 3734 δι
1501 3671 1556 3734 ali-

523 3754 665 3836 quotiens
682 3751 838 3818 Dominus
860 3777 953 3838 quem
974 3757 1041 3819 vult
1059 3760 1194 3822 mundat.
1215 3760 1300 3823 Nam
1314 3758 1555 3843 &generalitate

523 3841 566 3905 est
576 3842 679 3926 aliqua
694 3843 857 3924 permiscia
870 3841 906 3905 In
921 3867 984 3928 quo
1000 3865 1082 3909 mare
1097 3848 1191 3909 nichil
1203 3847 1384 3927 vivificatus,
1399 3869 1457 3910 nec
1472 3848 1555 3931 ligna

531 3951 588 3993 nec
604 3931 690 4013 palee
706 3931 747 3993 ibi
762 3947 877 4010 natant,
891 3954 992 4015 neque
1006 3935 1101 3999 homo
1117 3937 1158 3998 ibi
1172 3953 1275 4000 natare
1290 3935 1398 4021 potest,
1412 3936 1454 4000 set
1468 3939 1557 4020 quic-

523 4019 596 4102 quid
614 4019 655 4081 ibi
671 4019 841 4101 proiedlum
856 4021 954 4099 suerit,
969 4023 999 4083 in
1016 4025 1201 4104 profundum
1213 4027 1405 4110 demergitur.
1422 4025 1474 4089 De
1489 4023 1556 4088 Ior-

522 4107 697 4190 dancusque
705 4110 742 4169 ad
751 4109 855 4171 locum
864 4110 893 4170 in
904 4132 967 4193 quo
976 4109 1282 4196 Moysesdecorpore
1289 4114 1556 4195 exiiqsuntmilia-

521 4198 566 4258 ria
586 4196 648 4280 viij.
670 4195 791 4258 Exinde
814 4219 877 4260 nori
900 4200 1032 4261 multum
1044 4200 1136 4284 longe
1151 4225 1168 4266 a
1182 4201 1285 4286 Segor,
1305 4203 1336 4266 in
1352 4203 1462 4286 quibus
1478 4203 1556 4266 locis

522 4285 611 4348 multi
632 4287 787 4351 heremite.
814 4287 1001 4352 Vidimus&
1025 4288 1067 4351 ibi
1090 4307 1325 4354 monumentum
1341 4291 1475 4356 Absalon
1498 4289 1554 4376 filij

524 4373 636 4437 David.
651 4375 826 4441 Tenuimus
842 4379 1037 4460 teophaniam
1053 4379 1135 4442 iuxta
1149 4377 1320 4444 Iordanem.
