3390 5720
476 529 527 581 oa
552 525 656 578 aocts
682 520 846 574 sanctu.
1130 515 1174 594 93

138 633 1177 664 Μ

139 753 273 823 mulieri
290 752 344 823 vel
360 752 555 844 cuicumque
572 745 717 836 animali,
741 746 863 814 iatum
883 764 1055 834 nunquam
1072 737 1177 806 faciet.

139 858 199 930 Ad
218 860 320 930 millia
340 859 392 930 sert
408 881 465 928 aut
481 857 606 952 septem
623 855 735 925 civitas
755 856 954 946 Porphyrion.

468 1095 519 1168 lV.
538 1098 736 1188 Dioresureu,
758 1096 854 1164 Canu.

195 1288 249 1355 De
267 1281 468 1353 Ptolemaida
486 1278 628 1352 misimus
651 1281 865 1351 maritima&
885 1279 1033 1350 venimus
1050 1278 1083 1348 in
1102 1275 1182 1347 fines

144 1396 285 1480 Gulilee,
314 1393 348 1460 in
374 1390 539 1460 civitatem
566 1393 794 1483 Diocesnreom,
821 1389 854 1458 in
882 1413 947 1482 qua
973 1383 1182 1456 adoravimus

141 1500 293 1573 amulam
310 1495 558 1566 &canistellum
576 1497 684 1566 sande
701 1495 810 1564 Marie.
831 1500 863 1565 ln
881 1494 951 1591 ipso
971 1493 1047 1562 loco
1066 1518 1133 1564 erat
1147 1495 1181 1561 ὅ(

142 1604 312 1696 cathedra,
329 1605 364 1673 in
383 1629 448 1700 qua
462 1599 605 1692 sedebat,
622 1601 759 1697 quando
778 1599 821 1672 ad
839 1627 913 1671 eam
931 1601 1066 1699 angelus
1083 1599 1180 1671 venit.

141 1714 278 1788 Deinde
294 1711 446 1783 milliario
461 1711 555 1780 tertio
570 1711 718 1782 venimus
735 1711 769 1778 in
784 1711 810 1778 C
812 1737 908 1796 unam,
924 1706 981 1778 ubi
997 1705 1039 1777 ad
1053 1709 1181 1803 nuptias

142 1823 208 1892 fuit
224 1820 401 1908 Dominus,
427 1814 689 1886 &accubuimus
711 1816 833 1910 inipso
856 1811 1020 1903 accubitu,
1044 1810 1099 1882 ubi
1117 1839 1181 1910 ego

140 1927 301 2025 indignus
320 1947 494 2023 parentum
512 1949 664 1993 meorum
685 1923 822 1991 nomina
840 1917 956 2016 scriph.
976 1919 1102 2012 llydrie
1120 1919 1184 1990 due

141 2036 189 2108 ibi
209 2036 292 2124 sunt,
314 2057 359 2112 ,ex
377 2029 494 2127 quibus
512 2057 612 2100 unam
630 2030 766 2126 implevi
790 2054 876 2124 aqua
893 2032 927 2098 ἃ
944 2027 1067 2122 protuli
1087 2052 1126 2097 ex
1145 2053 1183 2097 ea

143 2151 273 2235 vinum,
289 2147 324 2214 dt
339 2143 374 2211 in
387 2141 561 2212 humetum
574 2141 706 2238 plenam
719 2140 825 2212 levavi
841 2142 875 2209 ἃ
888 2135 992 2208 obtuli
1010 2136 1052 2208 ad
1070 2137 1182 2208 altare:

143 2262 179 2329 δι
197 2259 230 2327 in
251 2254 321 2352 ipso
340 2252 432 2321 sonte
451 2276 512 2346 pto
528 2247 760 2321 benedidione
777 2251 925 2322 lavimus.

539 2493 581 2562 V.
607 2497 793 2586 Nazareth.

196 2677 328 2749 Deinde
352 2679 502 2750 venimus
519 2679 553 2748 in
581 2679 746 2749 civitatem
764 2676 937 2767 Nazareth,
961 2679 996 2747 in
1021 2703 1087 2772 qua
1112 2678 1185 2749 lunt

143 2785 250 2856 multe
266 2786 407 2856 virtutes.
438 2782 484 2855 lbi
508 2786 607 2855 etiam
630 2783 753 2879 pendet
776 2786 808 2853 in
826 2787 989 2879 ⁸synogoga
1012 2809 1131 2873 tomus,
1151 2785 1182 2854 in

142 2919 216 2988 quo
248 2892 414 2963 Dominus
442 2891 530 2962 ΑΒΕ
559 2887 673 2961 habuit
700 2887 906 2985 impositum:
932 2893 965 2960 in
997 2917 1062 2985 qua
1086 2893 1184 2961 etiam

146 3004 323 3096 synagoga
340 2996 444 3094 pofita
457 2999 501 3068 est
516 2996 613 3089 trabs,
628 2996 684 3070 ubi
695 3000 860 3070 Dominus
873 3025 950 3069 cum
965 2998 1033 3069 aliis
1053 2997 1185 3070 sedebat

142 3103 336 3196 infantibus,
356 3131 419 3201 que
437 3103 524 3177 trabs
541 3134 560 3177 a
577 3107 752 3176 christianis
772 3107 912 3202 agitatur
933 3108 967 3175 δι
983 3102 1184 3197 sublevatur,
1234 3117 1241 3128 '

145 3212 237 3286 ludei
254 3238 335 3284 vero
349 3212 441 3283 nullo
458 3212 565 3283 modo
579 3240 653 3284 eam
670 3215 794 3312 agitare
808 3210 953 3308 possunt,
967 3211 1022 3282 sed
1035 3238 1097 3284 nec
1114 3239 1185 3309 pet-

144 3321 247 3392 mittit
273 3320 303 3390 se
327 3320 413 3389 foras
436 3321 515 3390 tolli.
535 3326 653 3391 Domus
668 3325 776 3416 santia
794 3323 913 3390 Marte
930 3323 1050 3416 hofilicn
1073 3321 1127 3409 est,
1151 3325 1185 3392 δι

144 3426 252 3498 multa
274 3425 319 3498 ibi
336 3427 409 3497 sunt
427 3425 587 3499 beneficia
610 3428 651 3499 de
677 3429 874 3500 vestimentis
892 3429 967 3498 eius.
998 3431 1030 3498 ln
1056 3429 1185 3501 civitate

146 3559 228 3604 vero
246 3535 300 3604 illa
319 3558 407 3604 tanta
425 3535 469 3604 est
485 3538 590 3632 gratia
603 3536 777 3606 mulierum
790 3532 994 3624 hebreatum,
1008 3559 1043 3604 ut
1056 3537 1089 3605 in
1103 3561 1185 3608 terta

145 3641 202 3712 illa
220 3641 304 3710 inter
318 3637 464 3711 Hebreas
480 3641 681 3737 pulchriores
698 3667 768 3712 non
791 3643 1009 3732 inveniantur,
1030 3646 1064 3712 ὅ(
1088 3643 1185 3712 hoca

145 3753 259 3820 sanila
279 3747 382 3818 Maria
409 3744 466 3818 fibi
490 3747 681 3820 concellum
707 3748 836 3838 dicunt,
858 3773 936 3818 nam
951 3751 993 3818 ¹&
1015 3773 1186 3843 patentem

147 3857 240 3926 suam
258 3880 332 3925 eam
356 3851 470 3925 dicunt
487 3853 587 3926 firiffe.
606 3856 640 3926 Et
662 3855 743 3927 dum
764 3858 852 3928 nulla
868 3854 904 3928 fit
922 3858 1035 3928 caritas
1050 3856 1186 3928 Hebteis

145 3989 229 4060 erga
245 3962 458 4053 Christianos,
475 3963 530 4034 ille
548 3989 665 4034 omnes
683 3944 755 4035 sitiit
770 3967 903 4035 caritate
919 3966 1025 4060 plene.

196 4069 366 4141 Provincia
397 4069 548 4164 paradiso
576 4068 696 4162 similis,
722 4073 755 4142 in
786 4074 892 4143 tritico
920 4077 954 4143 δι
979 4073 1011 4142 in
1040 4070 1185 4167 frugibus

146 4174 257 4246 smilis
274 4173 411 4270 Egypto.
433 4173 567 4245 Modica
586 4175 720 4270 quidem
739 4179 783 4248 est
803 4203 895 4266 terra,
913 4177 969 4249 sed
990 4178 1135 4274 precellit
1151 4179 1185 4248 in

146 4283 228 4352 virro
243 4284 277 4351 δι
291 4282 379 4374 ole0,
399 4283 507 4379 pomis
524 4307 564 4353 ac
582 4284 686 4354 melle.
705 4283 768 4355 Sed
785 4288 819 4354 ὅ(
833 4284 961 4355 milium
978 4286 1023 4355 est
1039 4283 1085 4354 ibi
1099 4311 1186 4356 extra

148 4413 300 4462 naturam
318 4390 421 4460 altum
438 4389 545 4480 nimis,
563 4391 657 4486 super
675 4391 792 4462 statum
809 4390 952 4462 hominis
966 4391 1048 4464 talea
1066 4388 1185 4490 grossa.
