3354 5706
461 515 463 520 ’
511 505 576 580 128
808 526 1031 580 nurouruus
1055 527 1228 580 uanrvn

503 743 551 806 vel
575 741 713 823 Diaspoli
738 743 870 821 civitate,
891 765 951 825 que
979 744 1146 826 antiquitus
1171 745 1328 808 dicebatur
1352 748 1485 826 Azotus‚
1508 751 1537 811 in

504 854 565 914 qua
580 829 739 913 requiescit
753 829 870 895 sandius
883 831 1039 915 Georgius
1053 850 1172 917 martyr.
1187 832 1223 896 ln
1235 833 1296 916 ipsa
1307 835 1357 898 via
1369 858 1433 898 non
1446 837 1539 922 longe

504 943 521 983 a
541 920 664 982 civitate
685 919 740 982 stat
760 920 928 1002 columpna
948 941 1117 985 marmorea
1137 925 1167 986 in
1190 944 1251 1006 qua
1272 923 1430 990 Dominus
1455 929 1538 1008 prius

505 1007 670 1070 ducebatur
688 1010 724 1070 ad
747 1007 972 1091 flagellandum.
997 1008 1072 1095 Que
1088 1009 1205 1094 fugiens
1220 1010 1319 1074 levata
1333 1011 1376 1074 est
1391 1015 1427 1076 ad
1443 1015 1542 1077 nubes

505 1095 535 1160 ἃ
556 1093 692 1178 deposita
711 1096 821 1179 inipso
843 1096 922 1160 loco.
945 1095 986 1160 Et
1000 1099 1031 1160 in
1051 1114 1170 1160 tantum
1192 1100 1385 1182 cognoscitur
1402 1125 1468 1165 non
1482 1101 1542 1166 else

505 1184 660 1267 quianon
681 1187 773 1249 habet
794 1184 917 1250 basttem
936 1187 988 1250 ubi
1008 1188 1100 1250 debet
1119 1184 1177 1250 esse
1199 1188 1334 1268 fundata,
1355 1187 1397 1251 set
1421 1189 1463 1253 stc
1487 1191 1544 1254 stat

505 1275 591 1356 super
611 1290 719 1338 terram
741 1274 771 1337 δι
789 1277 927 1358 agitatur.
953 1273 989 1340 ln
1005 1278 1092 1339 cuius
1106 1276 1278 1340 summitate
1293 1299 1368 1341 crux
1390 1281 1488 1341 ferrea
1500 1278 1545 1342 ess

505 1362 608 1444 posita,
623 1362 653 1427 δι
668 1363 778 1426 sursum
794 1386 847 1446 per
861 1363 971 1428 scalam
986 1364 1164 1446 ascenditur,
1187 1366 1308 1430 &fiunt
1323 1369 1364 1430 ibi
1380 1369 1545 1431 luminaria

504 1449 534 1512 δι
560 1451 725 1530 incensum,
749 1452 779 1515 dr
804 1455 977 1516 demoniaci
1003 1454 1046 1516 ibi
1067 1455 1240 1517 liberantur.
1267 1456 1351 1519 Nam
1374 1455 1405 1518 dv
1426 1458 1458 1518 in
1482 1457 1546 1538 ipsa

506 1540 657 1621 provintia
681 1542 787 1606 beatus
812 1541 854 1604 est
880 1542 1036 1627 Georgius
1065 1562 1186 1627 martyr.
1215 1543 1323 1627 ltaque
1351 1562 1499 1608 exeuntes
1528 1569 1546 1607 a

506 1627 588 1690 Siloa
607 1630 701 1708 sonte,
725 1632 864 1694 venimus
884 1633 915 1694 in
931 1653 1036 1714 agrum
1050 1637 1103 1718 qui
1119 1653 1312 1718 comparatus
1327 1634 1370 1698 est
1383 1636 1423 1697 de
1438 1635 1546 1717 precio

504 1716 656 1801 sanguinis
680 1718 821 1799 Domini,
842 1721 894 1803 qui
917 1740 1043 1784 vocatur
1064 1723 1305 1803 Acheldemach,
1326 1724 1387 1786 hoc
1408 1723 1453 1785 est
1474 1743 1547 1806 ager

506 1805 668 1888 sanguinis,
683 1809 712 1870 in
728 1831 791 1889 quo
807 1808 992 1892 sepeliuntur
1007 1833 1114 1874 omnes
1137 1813 1295 1896 peregrini.
1317 1811 1360 1874 Bt
1380 1815 1461 1874 inter
1483 1810 1546 1893 ipsa

506 1894 662 1977 sepulchra
682 1897 793 1958 cellule
818 1896 971 1960 servorum
988 1899 1060 1979 Dei,
1082 1901 1132 1962 ubi
1151 1899 1228 1964 fiunt
1243 1901 1338 1963 multe
1353 1901 1492 1977 virtutes,
1514 1899 1546 1960 δε

506 2003 559 2064 per
573 1983 643 2046 loca
659 1985 734 2048 infra
748 1985 811 2068 ipsa
822 1985 979 2068 sepulchra
994 1989 1082 2050 vinee
1098 1987 1127 2050 dr
1143 1991 1288 2071 pomaria.
1303 1989 1546 2052 Revertentibus

483 2071 594 2136 ”nobis
620 2074 650 2135 in
675 2075 843 2152 civitatem,
867 2076 1006 2139 venimus
1035 2078 1072 2138 ad
1099 2077 1242 2159 piscinam
1271 2079 1454 2140 natatoriam
1482 2099 1546 2160 que

506 2163 642 2246 quinque
659 2164 792 2244 porticus
807 2165 908 2242 habet,
930 2164 960 2227 δι
981 2167 1012 2226 in
1034 2189 1095 2228 uno
1115 2188 1221 2230 eorum
1237 2167 1289 2244 est,
1298 2163 1419 2229 basilica
1432 2165 1546 2230 SanBe

507 2249 620 2329 Marie,
634 2252 686 2314 ubi
704 2252 799 2314 multe
814 2252 891 2315 fiunt
905 2254 1039 2316 virtutes.

545 2337 611 2422 lpsa
625 2361 697 2402 vero
713 2340 826 2422 piscina
840 2343 934 2403 modo
950 2343 1059 2405 iadiata
1074 2343 1116 2404 est
1131 2344 1161 2406 in
1177 2344 1315 2424 stercore,
1338 2345 1388 2407 ubi
1403 2345 1547 2406 lavantur

506 2429 611 2491 omnia
631 2451 691 2511 que
713 2427 876 2492 necessaria
895 2429 969 2492 sunt
993 2431 1181 2494 Vidimus&
1199 2433 1230 2495 in
1247 2455 1308 2494 uno
1325 2433 1438 2516 angulo
1455 2450 1544 2494 tene·

507 2515 593 2580 broso
616 2518 777 2580 cathenam
800 2519 925 2580 ferream
947 2541 1018 2581 curn
1033 2519 1136 2602 quase
1151 2519 1305 2604 laqueavit
1319 2521 1425 2584 infelix
1439 2519 1545 2584 Iudas.

506 2602 587 2668 Item
608 2607 788 2670 exeuntibus
810 2608 846 2669 ad
871 2625 991 2690 portam
1012 2610 1195 2671 natatoriam
1215 2611 1353 2674 venimus
1376 2612 1412 2672 ad
1436 2611 1545 2672 locum

506 2694 558 2756 ubi
575 2695 692 2759 sandius
705 2695 866 2778 requiescit
880 2693 1010 2760 Ysrcius.

545 2781 592 2846 Ibi
620 2785 711 2846 etiam
740 2802 902 2868 erogantur
930 2786 1112 2867 pauperibus
1143 2809 1253 2870 panes,
1281 2809 1358 2870 quos
1383 2789 1545 2870 deputavit

507 2872 596 2935 beata
609 2872 737 2936 Helena.
760 2874 820 2936 Via
837 2896 897 2956 que
920 2877 1004 2936 ducit
1019 2875 1179 2938 Bethleem
1198 2877 1240 2961 iij.
1263 2876 1392 2938 miliario
1408 2876 1446 2938 ab
1466 2876 1545 2939 Hie·

505 2960 633 3024 rusalem
655 2963 732 3024 iacet
755 2961 883 3040 Rachel,
904 2983 981 3025 uxor
995 2960 1099 3044 Iacob,
1122 2982 1218 3027 mater
1238 2964 1352 3027 scilicet
1366 2963 1485 3046 Ioseph.
1500 2963 1545 3027 Et

507 3048 666 3112 Beniamin
688 3049 848 3132 requiescit
869 3052 898 3112 in
921 3048 1032 3114 finibus
1048 3053 1155 3115 Rama.
1171 3051 1207 3115 In
1230 3053 1292 3135 ipso
1309 3052 1379 3115 loco
1395 3053 1425 3115 in
1441 3053 1545 3115 media

506 3138 557 3200 via
577 3139 639 3200 vidi
661 3159 771 3221 aquam
793 3138 910 3222 surgere
932 3137 1014 3222 quali
1036 3140 1169 3204 sestarios
1191 3142 1241 3224 vij.
1269 3141 1362 3204 Unde
1383 3141 1545 3224 complent

506 3249 614 3292 omnes
636 3227 802 3290 satietatem
826 3226 961 3305 bibendi,
983 3227 1012 3290 dt
1033 3251 1090 3291 nec
1112 3230 1258 3292 minuitur
1278 3251 1336 3292 nec
1358 3245 1494 3312 augetur,
1512 3227 1544 3290 δι

506 3314 549 3378 est
563 3314 659 3378 suavis
674 3316 710 3376 ad
727 3316 905 3397 potandum.
928 3315 970 3378 Et
982 3317 1088 3379 dicunt
1103 3318 1186 3400 quod
1203 3318 1321 3400 fugiens
1337 3317 1426 3380 beata
1440 3317 1545 3380 Maria

506 3404 536 3466 in
559 3402 716 3486 Egyptum
742 3403 899 3467 &sederit
923 3407 964 3467 ibi
990 3427 1061 3468 cum
1082 3426 1186 3487 puero,
1207 3405 1237 3468 dv
1262 3403 1363 3469 sitiens
1384 3407 1491 3484 oravit,
1511 3406 1544 3468 δι

506 3494 655 3555 continuo
672 3491 732 3574 ipsa
747 3515 826 3575 aqua
840 3495 1002 3557 emanavit.
1025 3493 1067 3557 Et
1088 3496 1119 3556 in
1135 3495 1198 3577 ipso
1220 3495 1291 3557 loco
1307 3495 1401 3556 modo
1416 3492 1544 3558 ecclelia

506 3581 677 3644 construsla
692 3582 742 3644 est.
765 3581 842 3646 Inde
866 3581 958 3664 usque
975 3583 1134 3646 Bethleem
1150 3584 1278 3646 miliaria
1293 3582 1358 3646 tria.
1381 3582 1544 3646 Bethleem

507 3669 592 3734 locus
614 3669 881 3753 splendidissimus,
902 3670 975 3732 servi
991 3671 1053 3734 Dei
1076 3671 1173 3734 multi.
1196 3669 1241 3734 lbi
1264 3672 1307 3733 est
1326 3671 1469 3755 spelunca
1489 3673 1542 3735 ubi

506 3758 649 3823 natusest
663 3757 829 3837 Dominus,
843 3758 872 3822 dt
885 3759 1054 3843 presepium
1068 3783 1105 3822 ex
1117 3781 1190 3823 auro
1206 3760 1235 3823 &
1250 3777 1375 3844 argento
1390 3778 1544 3839 ornatum,

507 3847 656 3931 &iugiter
667 3849 707 3911 ibi
721 3847 787 3910 sunt
799 3847 968 3910 luminaria.
986 3849 1035 3913 Os
1047 3870 1118 3912 vero
1132 3847 1223 3932 ipsius
1235 3849 1377 3932 spelunce
1388 3849 1542 3933 angustus.

484 3935 715 4002 'Hieronimus
730 3935 873 4020 presbiter
897 3938 926 4000 in
952 3937 1108 4020 loquendo
1135 3940 1258 4020 peritus,
1282 3940 1543 4021 interpretatione
1605 3967 1608 3976 ·

506 4024 614 4103 clarus,
636 4027 712 4088 inter
725 4027 854 4089 cunslos
868 4025 979 4089 relator
992 4025 1185 4110 conspicuus,
1208 4028 1239 4089 in
1254 4027 1317 4110 ipso
1332 4048 1385 4090 ore
1400 4027 1545 4110 spelunce

508 4129 623 4195 petram
645 4113 801 4197 sculpivit,
826 4113 862 4177 δι’
876 4115 916 4178 ob
938 4116 1137 4178 devotionem
1158 4115 1323 4179 Salvatoris
1349 4116 1464 4178 ibidem
1489 4111 1542 4177 fibi

507 4219 741 4264 monumentum
770 4202 851 4282 fecit,
879 4203 1009 4265 miliario
1034 4203 1117 4268 secus
1143 4203 1312 4267 Bethleem.
1338 4202 1373 4266 ln
1399 4203 1543 4268 suburbio

506 4293 607 4354 iacent
623 4289 726 4353 David
749 4291 938 4355 &Salomon
960 4291 1130 4372 filiuseius,
1151 4293 1182 4356 dt
1195 4293 1366 4377 appellatur
1387 4292 1474 4356 locus
1489 4291 1542 4356 ille

506 4376 627 4443 basilica
646 4379 749 4444 Sansli
764 4379 879 4444 David.
902 4381 953 4444 Set
974 4379 1004 4444 δι
1025 4381 1154 4446 infantes
1168 4405 1247 4466 quos
1269 4383 1384 4446 occidit
1399 4381 1542 4446 Herodes
