3354 5706
538 498 603 598 196
953 517 1148 572 attentaris

532 739 680 832 mollem,
706 740 825 810 mirum
848 741 881 811 in
907 738 1048 811 modum
1076 741 1171 813 facile
1193 764 1378 838 penetrans,
1400 738 1564 838 lapideam

531 847 623 919 illam
649 846 827 943 perforavit
853 847 1044 918 columnam
1072 850 1221 920 exteriori
1247 871 1339 944 parte
1366 849 1451 937 eius,
1478 846 1564 917 cuius

532 954 653 1026 ferrum
671 953 803 1024 interius
819 953 968 1025 inherens
986 979 1149 1026 retentum
1166 955 1221 1046 est,
1243 980 1489 1050 necunquam
1506 953 1566 1023 ullo

534 1056 640 1131 modo
667 1059 785 1131 retrahi
808 1062 926 1157 potuit.
946 1061 1068 1133 Hastile
1090 1085 1201 1133 autem
1224 1063 1290 1134 eius
1312 1061 1356 1134 ad
1373 1063 1479 1133 sandli
1492 1087 1566 1131 con-

534 1164 659 1238 fessoris
676 1167 824 1238 collisum
842 1192 1061 1240 marmoream
1077 1169 1256 1241 formulam
1269 1171 1407 1241 exterius
1421 1169 1569 1240 confrre

535 1299 606 1346 tum
623 1273 675 1344 est.
694 1272 778 1344 lllius
795 1298 931 1369 quoque
948 1275 1061 1348 miselli
1074 1275 1307 1348 homuncionis
1321 1302 1440 1372 equus,
1458 1278 1568 1371 inquo

505 1447 507 1450 .
534 1375 677 1469 sedebat,
702 1377 822 1449 eodem
844 1405 1015 1453 momento
1040 1381 1100 1455 sub
1126 1409 1168 1454 eo
1186 1384 1219 1453 in
1242 1385 1439 1480 pavimento
1457 1380 1569 1452 domus

536 1484 655 1556 cecidit
683 1509 841 1570 mortuus.
873 1487 940 1583 lpse
969 1512 1080 1559 autem
1109 1486 1201 1560 simul
1230 1488 1370 1560 misellus
1396 1491 1432 1558 in
1459 1511 1571 1558 tei-rain

536 1585 669 1684 cadens,
679 1617 795 1663 manus
804 1593 838 1663 in
848 1593 940 1664 illam
952 1620 1173 1667 marmoream
1186 1593 1267 1666 misit
1276 1595 1484 1685 columnam,
1497 1593 1569 1665 eius·

536 1725 600 1795 que
614 1697 719 1797 digiti,
736 1696 825 1794 quasi
840 1701 875 1769 in
892 1699 1024 1797 pollen⁰
1040 1703 1092 1775 vel
1103 1702 1210 1776 lutum
1221 1703 1390 1791 intrantes,
1404 1704 1441 1772 in
1459 1698 1571 1772 eadem

535 1803 676 1902 impressi
701 1805 858 1876 columna
888 1807 1082 1880 inheserunt.
1109 1806 1215 1907 Quod
1239 1806 1354 1882 videns
1382 1809 1496 1897 miser,
1522 1809 1572 1902 qui

538 1911 698 1986 retrahere
712 1911 816 1983 denos
830 1911 969 1984 duarum
982 1913 1103 2013 digitos
1116 1942 1275 1987 manuum
1289 1913 1377 1986 adse
1393 1941 1467 1988 non
1481 1939 1571 2012 pote·

538 2045 602 2107 iat,
621 2020 656 2089 ἂ
672 2021 705 2090 in
721 2045 905 2092 marmorea
917 2021 1019 2093 saneti
1032 2019 1223 2093 confessoris
1234 2023 1420 2095 inherentes
1435 2021 1571 2092 formula

539 2127 713 2225 colligatos
730 2127 877 2219 insertos,
895 2153 1020 2198 nomen
1037 2128 1101 2198 Dei
1116 2131 1219 2199 eterni
1237 2125 1433 2200 &eiusdem
1451 2125 1572 2198 conses-

538 2234 629 2326 soris,
646 2258 747 2330 agens
764 2233 990 2329 penitentiam,
1005 2235 1140 2306 invocat
1156 2237 1201 2327 &,
1219 2259 1255 2306 ut
1272 2232 1314 2306 ab
1331 2233 1455 2306 eodem
1472 2230 1571 2305 absol·

538 2364 666 2413 veretur
687 2339 831 2428 vincu10,
854 2338 1062 2411 illacrimatus
1084 2364 1243 2438 precatur.
1267 2342 1381 2438 Qam
1400 2343 1468 2412 eius
1485 2341 1571 2416 lacri-

541 2446 668 2518 mosam
690 2447 905 2542 penitentiam
928 2447 1108 2518 misericors
1126 2449 1290 2519 Dominus
1311 2449 1500 2544 suscipiens,
1522 2452 1573 2544 qui

539 2580 610 2625 non
628 2553 696 2626 vult
712 2555 895 2650 peccatoris
912 2578 1066 2647 mortem,
1088 2553 1143 2626 sed
1157 2580 1192 2626 ut
1204 2579 1413 2628 convertatur
1429 2557 1465 2626 ἃ
1479 2557 1572 2645 vivat,

540 2686 611 2733 non
635 2659 741 2731 solum
765 2657 807 2730 ab
833 2661 905 2758 ipso
931 2662 1069 2757 presenti
1088 2688 1275 2734 marmoreo
1301 2660 1414 2735 vifibili
1440 2661 1574 2735 absolvit

539 2770 682 2858 vinculo,
697 2766 863 2840 sedetiam
881 2796 900 2840 a
916 2793 1128 2866 peccatorum
1139 2769 1348 2844 invisibilibus
1360 2770 1574 2869 alligamentis

539 2877 606 2951 fide
622 2878 781 2951 salvatum
798 2876 1001 2967 subveniens,
1018 2877 1266 2950 misericorditer
1286 2876 1445 2950 liberavit.

591 2987 681 3057 l·linc
689 2987 801 3080 itaque
811 2985 976 3056 manifeste
987 2985 1174 3078 ostenditur,
1184 2985 1463 3082 quante&qualis
1471 2985 1573 3056 hono·

541 3094 697 3168 rificentie
722 3083 819 3163 fuerit
845 3091 935 3188 apud
960 3095 1069 3165 Deum
1096 3098 1274 3194 Georgius,
1298 3097 1381 3168 inter
1412 3117 1573 3165 tormenta

542 3198 719 3290 consessor,
740 3200 830 3271 cuius
851 3199 1074 3272 thoracidaml
1090 3204 1123 3272 in
1145 3228 1180 3273 re
1201 3227 1318 3273 natura
1338 3198 1574 3299 impenetrabili

541 3305 778 3408 penetrabilem
807 3307 1004 3403 penitentia‘
1032 3308 1126 3401 fecit,
1155 3309 1371 3406 lanceamque
1406 3307 1573 3398 adversarii

542 3442 626 3513 eque
637 3410 920 3510 impenetrabilem
934 3413 1123 3487 mirabiliter
1141 3415 1217 3487 fecit
1230 3413 1481 3513 penetrabilem,
1494 3415 1573 3514 digi-

544 3520 659 3616 tosque
689 3518 833 3593 eiusdem
857 3520 1050 3593 homunculi
1078 3520 1225 3593 infirmos
1255 3524 1288 3594 in
1317 3521 1436 3594 eadem
1463 3545 1573 3593 natura

541 3625 805 3724 impenetrabiles
822 3651 973 3726 potenter
994 3626 1211 3727 penetrabiles
1229 3628 1316 3718 fecit,
1340 3655 1425 3726 quos
1442 3631 1477 3699 in
1495 3655 1574 3698 mar·

545 3761 638 3806 more
645 3735 825 3807 vinculatos
835 3735 966 3832 primos
979 3738 1090 3834 &ipse
1103 3734 1201 3807 durus
1211 3737 1369 3808 retrahere
1378 3761 1449 3808 non
1459 3737 1575 3832 potuit,

544 3841 599 3914 sed
621 3839 742 3914 eodem
761 3866 935 3914 momento
960 3841 1056 3916 valde
1080 3844 1265 3941 perterritus
1291 3843 1465 3915 &exinde
1492 3844 1576 3912 miii·

543 3973 649 4047 gatus,
674 3951 833 4046 penitens,
851 3951 926 4022 Deo
948 3951 1149 4042 miserante,e
1170 3952 1308 4022 retraxit.
1331 3952 1453 4022 Mirum
1474 3949 1572 4040 dislu,

583 4157 606 4190 a.
624 4139 651 4191 B.
675 4137 773 4207 polline,
791 4139 863 4190 Bern.
885 4135 977 4207 poline,
997 4140 1026 4189 G.
1089 4137 1189 4190 cletum.
1208 4166 1240 4176 -
1257 4154 1280 4189 c.
1299 4137 1384 4204 Beria,
1400 4136 1436 4190 al.
1454 4135 1572 4206 potentia.

546 4217 674 4290 paludem,
694 4217 729 4270 al.
753 4215 844 4288 palme,
866 4217 973 4287 politice.
995 4247 1027 4256 -
1092 4247 1125 4256 -
1150 4217 1175 4269 d.
1197 4217 1281 4282 aem,
1306 4217 1387 4284 Grets.
1411 4216 1527 4287 primule.
1545 4245 1574 4255 -

547 4301 572 4354 b.
586 4298 625 4351 At.
638 4296 768 4364 toraciam,
779 4297 935 4364 toraclicam‚
946 4297 1030 4350 thora·
1092 4315 1113 4352 e.
1126 4296 1164 4351 AI.
1179 4295 1300 4350 donante.
