3296 5700
370 553 542 606 nnnnmo
568 553 834 607 Assrtnvmrn.
1052 555 1118 634 235

168 1029 416 1120 RELATIO
450 1027 628 1118 BED'AE
659 1028 1030 1120 ABBREVIATA.

375 1275 430 1344 (Ex
443 1275 531 1330 codice
544 1275 588 1328 ms.
602 1275 821 1346 Winiburgensr.)

144 1570 322 1638 CRIPSIT
345 1594 419 1657 ergo
436 1573 635 1637 Adamnanus
655 1571 800 1656 presbiter
812 1573 849 1635 de
862 1573 931 1635 loco
954 1572 1116 1636 dominicae

143 1662 351 1725 nativitatisin
361 1663 443 1724 hunc
454 1661 591 1724 modum.
605 1661 744 1726 Bethlem
754 1663 861 1724 civitas
873 1660 974 1724 David
987 1662 1016 1722 in
1027 1660 1116 1724 dorso

81 1749 132 1816 sita
153 1749 197 1812 est
221 1748 350 1834 angusto
363 1771 403 1812 ex
415 1749 500 1812 omni
516 1765 601 1831 parte
615 1749 745 1814 vallibus
759 1749 961 1828 circumdato,
975 1747 1013 1811 ab
1032 1748 1116 1810 occi-

83 1839 171 1902 dente
196 1838 229 1900 in
252 1837 404 1900 orientem
428 1834 512 1900 mille
527 1835 654 1918 paffibus
668 1835 770 1920 longa,
783 1836 892 1899 humili
907 1835 967 1899 srne
982 1836 1113 1899 turribus

83 1948 169 1990 muro
189 1948 246 2009 per
259 1941 397 1988 extrema
412 1925 493 2007 plani
508 1925 631 1988 verticis
647 1925 804 1988 instrudio.
822 1922 858 1986 ln
874 1925 960 1988 cuius
976 1923 1114 1986 orientali

84 2014 191 2099 angulo
206 2013 290 2098 quast
301 2013 457 2096 quoddam
468 2012 605 2077 naturale
616 2011 812 2076 semiantrum
822 2011 874 2090 cll,
885 2014 972 2076 cuius
984 2013 1117 2075 exterior

85 2123 147 2186 pars
171 2103 339 2166 nativitatis
363 2101 527 2164 dominicae
549 2099 634 2166 fuisse
654 2101 765 2164 dicitur
790 2100 887 2179 locus,
906 2101 1033 2164 interior
1048 2123 1117 2183 pre·

86 2191 147 2274 sepe
158 2190 292 2254 Domini
307 2190 492 2254 nominatur.
507 2189 584 2254 Haec
599 2189 750 2272 spelunca,
764 2205 828 2252 tota
839 2190 966 2253 interius
982 2188 1116 2271 pretioso

86 2301 235 2343 marmore
250 2279 332 2343 testa
345 2277 444 2362 supra,
458 2278 544 2342 locus
555 2276 713 2361 specialius
724 2277 863 2355 traditur,
872 2276 990 2340 Sandiae
1002 2278 1114 2342 Mariae

87 2369 231 2449 grandem
245 2367 341 2451 gestat
353 2366 521 2430 ecclesiam.

124 2457 247 2537 Scripsit
264 2456 347 2520 idem
360 2457 421 2519 hoc
435 2455 530 2518 modo
544 2454 664 2518 deloco
680 2454 818 2536 passionis
841 2476 876 2516 ac
890 2453 1116 2518 msurrestionis

88 2544 171 2610 illius
195 2544 338 2631 Ingressis
362 2567 379 2608 a
403 2541 628 2627 septentrionali
651 2559 734 2625 parte
756 2544 863 2606 urbem
879 2541 1116 2606 Hierosolimam

88 2636 214 2716 primum
235 2635 274 2698 de
298 2634 374 2697 locis
389 2632 497 2698 sand'tis
513 2655 570 2715 pro
585 2631 763 2694 conditione
779 2631 947 2713 platearum
962 2631 1116 2696 diverten-

88 2722 156 2786 dum
169 2723 258 2786 estad
270 2719 428 2786 ecclesiam
439 2719 733 2798 constantinianam,
743 2742 811 2803 quae
822 2721 1001 2802 martyrium
1011 2720 1117 2804 appel-

89 2811 169 2876 latur.
179 2813 270 2877 Hanc
282 2810 501 2877 constantinus
512 2811 689 2892 imperator,
699 2831 737 2871 eo
749 2807 832 2892 quod
846 2808 886 2871 ibi
898 2830 973 2870 crux
985 2808 1116 2874 Domini

88 2900 122 2962 ab
135 2901 255 2964 Helena
277 2916 374 2963 matre
399 2915 519 2981 reperta
537 2896 580 2977 stt,
598 2897 806 2982 magnifico&
825 2897 909 2980 regio
924 2897 1008 2960 cultu
1029 2898 1116 2961 cons-

91 2991 182 3053 tnurit
198 2990 324 3054 Dehinc
339 2991 377 3052 ab
391 2987 498 3052 occasu
514 2987 715 3072 Golgothana
728 2986 849 3049 videtur
863 2986 997 3066 ecclesia,
1011 2988 1115 3071 inqua

89 3077 172 3139 etiam
187 3080 272 3162 rupis
286 3092 412 3160 apparet
426 3075 488 3156 illa,
502 3098 570 3159 quae
584 3075 741 3158 quondam
756 3074 849 3158 ipsam
864 3073 964 3138 adfixo
980 3073 1111 3138 Domini

90 3188 211 3250 corpore
235 3188 361 3231 crucem
385 3165 510 3249 pertulit
531 3181 718 3247 argenteam,
732 3164 825 3227 modo
841 3163 1043 3247 pergrandem
1058 3161 1115 3225 sus-

91 3256 180 3320 tinens
202 3277 329 3320 crucem
352 3254 537 3338 pendentem
561 3273 671 3336 magna
694 3251 820 3334 desuper
844 3273 935 3315 aurea
958 3267 1026 3314 rota
1043 3273 1115 3315 curn

92 3342 281 3426 lampadibus.
295 3343 380 3407 lnfra
393 3343 491 3426 ipsum
505 3363 579 3405 vero
603 3340 707 3404 locum
721 3340 885 3403 dominicae
899 3341 999 3406 crucis
1018 3342 1115 3405 excisa

92 3433 119 3492 in
141 3449 222 3514 petra
243 3449 354 3515 crupta
375 3431 428 3511 est,
441 3432 473 3494 in
488 3452 548 3516 qua
562 3429 649 3512 super
664 3429 757 3493 altare
773 3451 829 3512 pro
844 3429 996 3492 defundiis
1015 3431 1116 3492 hono·

94 3521 156 3584 ratis
178 3521 355 3585 sacrificium
377 3518 452 3584 solet
475 3519 588 3599 offerri,
612 3515 715 3602 positis
729 3519 853 3581 interim
871 3520 902 3580 in
927 3517 1027 3596 platea
1046 3541 1116 3584 cor-

94 3610 217 3689 poribus.
236 3609 338 3673 Huius
353 3629 477 3691 quoque
491 3607 528 3670 ad
544 3605 684 3670 occasum
699 3603 833 3670 ecclesrae
844 3605 989 3684 anastasis,
999 3608 1060 3670 hoc
1074 3607 1117 3670 est

94 3697 309 3762 resurreffionis
323 3697 488 3760 dominicae
502 3695 633 3759 rotunda
647 3694 781 3775 ecclesia,
795 3696 891 3758 tribus
902 3695 1003 3758 cinsta
1017 3698 1116 3779 parie-

94 3786 174 3866 tibus,
194 3789 233 3872 xij
258 3784 410 3850 columnis
432 3783 619 3864 sustentatur,
640 3786 719 3848 inter
731 3785 861 3867 parietes
873 3782 1004 3867 smgulos
1019 3783 1115 3850 latum

94 3873 196 3938 babens
217 3874 346 3957 spatium
372 3873 439 3936 viae.
456 3870 540 3960 Quae
554 3875 612 3935 tria
626 3871 732 3935 altaria
746 3872 776 3935 in
792 3873 888 3936 tribus
900 3873 976 3936 locis
992 3877 1116 3956 parietis

95 3964 176 4046 medij
198 3965 347 4042 continet,
367 3963 428 4026 hoc
450 3963 494 4024 est
508 3962 664 4046 Australij,
684 3961 879 4046 Aquilonalis
902 3963 933 4026 tr
957 3963 1116 4028 Occiden-

95 4051 159 4135 talij.
182 4051 257 4116 Haec
280 4051 327 4116 bis
350 4066 511 4134 quaternas
535 4067 649 4133 portas,
672 4052 702 4115 id
727 4051 770 4114 est
794 4052 936 4115 introitus
951 4074 1005 4134 per
1023 4069 1115 4118 trese

97 4139 207 4220 regione
221 4142 352 4225 parietes
367 4143 469 4220 habet,
482 4164 500 4205 e
514 4140 625 4226 quibus
640 4157 772 4224 quatuor
786 4140 823 4203 ad
835 4140 1025 4220 vulturnum,
1040 4164 1116 4225 qua·

97 4239 157 4290 tuor
166 4228 200 4291 ad
209 4252 319 4294 eurum
328 4229 472 4314 spectant.
482 4231 583 4294 Huius
593 4229 1112 4295 inmediomonurnentumDomini

98 4316 250 4382 rotundum
273 4335 360 4404 petra
381 4317 516 4384 excisum
529 4317 582 4401 ert,
596 4319 682 4383 cuius
696 4317 818 4382 culmen
843 4315 1022 4384 intrinsecus
1037 4317 1115 4384 stans
