3354 5706
317 503 366 555 DE
392 504 494 556 LOCIS
519 505 810 558 TRANSMARINIS
835 507 971 560 SACRIS.
1104 507 1166 588 135

128 733 210 779 ante
230 735 351 800 tempus
367 719 581 781 incarnationis
596 718 645 782 sue
661 742 697 782 ex
716 723 832 804 virgine
858 719 1013 804 allumpta,
1028 723 1103 784 olim
1124 744 1177 804 per

129 807 368 888 patriarchas&
381 809 544 890 prophetas
555 808 620 871 suos
633 809 745 872 fecerat
756 807 858 872 lhesus
870 811 1007 874 Christus
1021 811 1176 873 Dominus

128 895 255 957 noster.
268 898 415 960 Viventes
427 913 551 960 ovantes
567 899 705 960 venimus
718 897 916 976 Placentiam,
932 900 1086 980 propriam
1102 899 1177 960 civi·

129 997 237 1045 tatem
254 986 396 1063 nostram,
410 983 536 1068 positam
552 986 638 1068 super
651 987 778 1048 fluvium
794 990 845 1070 qui
862 988 972 1049 dicitur
988 985 1086 1050 Padus
1099 987 1177 1048 infra

129 1081 199 1142 iam
217 1083 408 1146 dictaltalia

718 1319 736 1360 st:

644 1390 662 1432 ²3

378 1619 465 1690 trra
491 1622 706 1692 ΑΝΤΟΝΙΝΙ
734 1623 948 1696 Maurius

505 1783 557 1846 (nx
570 1781 628 1833 cor.
645 1781 815 1850 caninis.)

288 1945 400 2032 incipit
416 1945 473 2008 iter
492 1943 570 2008 beari
587 1948 743 2012 olntomni
761 1951 791 2012 in
810 1945 887 2012 locis
902 1947 1027 2032 sunc‘lis.

141 2089 439 2210 PROCEDENTF.
462 2089 539 2140 beato
555 2090 708 2156 Antonino,
730 2109 782 2144 una
802 2109 863 2144 cum
878 2093 982 2162 collega
1002 2093 1048 2145 suo
1063 2093 1176 2162 egreli'us

194 2187 228 2221 ex
251 2167 389 2220 Placentia
410 2167 524 2234 civitate,
547 2169 701 2238 navigantes
723 2189 769 2240 per
790 2190 860 2224 mare
880 2173 1000 2225 venimus
1019 2173 1045 2225 in
1064 2174 1174 2226 insulam

136 2248 254 2318 Ciprum
278 2249 304 2299 in
329 2269 382 2318 qua
404 2248 544 2318 requiescit
564 2250 665 2302 sandius
678 2251 853 2320 ,Epiphanius
875 2253 1021 2323 episcopus.
1043 2253 1103 2306 Post
1124 2255 1173 2306 hec

134 2329 262 2381 venimus
283 2329 309 2381 in
323 2341 408 2400 partes
421 2327 493 2394 Sirie,
508 2329 533 2380 in
548 2329 658 2382 insulam
675 2331 835 2384 Santaritum
856 2332 929 2385 iuxta
942 2333 1049 2386 Titum.
1070 2335 1175 2386 Deinde

137 2409 264 2462 venimus
278 2409 475 2462 Ptolomaidam
496 2428 548 2479 que
562 2409 596 2462 est
608 2411 655 2463 suh
669 2422 760 2463 monte
775 2413 909 2478 Carinelo,
930 2413 1044 2466 miliario
1057 2415 1146 2467 medio
1160 2433 1175 2466 a

138 2489 301 2542 monasterio
315 2489 412 2542 Helisei
426 2491 553 2560 prophete
567 2490 613 2543 ubi
634 2492 749 2544 occurrit
768 2491 791 2544 ei
810 2493 905 2546 mulier
925 2493 1000 2546 cuius
1019 2495 1103 2546 filium
1127 2495 1177 2547 sus·

145 2569 240 2622 citavit
261 2590 276 2622 a
290 2571 408 2622 mortuis.
430 2572 472 2622 De
486 2571 657 2623 Ptolomaida
670 2572 803 2624 maritima
817 2573 939 2626 venimus
953 2573 980 2624 in
995 2574 1060 2626 fines
1072 2574 1176 2628 Galilee

136 2649 163 2702 in
189 2650 398 2721 civitatemque
420 2663 529 2704 vocatur
551 2653 749 2718 Gneocesarea3
768 2652 863 2704 deinde
883 2653 997 2706 miliario
1018 2666 1113 2724 quarto
1133 2673 1177 2707 ve-

139 2730 229 2782 nimus
245 2732 271 2783 in
286 2733 379 2785 Chana
393 2731 497 2784 Galilee
519 2733 565 2783 ubi
578 2731 714 2784 Dominus
734 2732 786 2785 suit
798 2733 831 2784 ad
845 2733 957 2802 nuptias.
982 2735 1018 2784 Et
1030 2734 1092 2786 inde
1104 2735 1178 2788 veni-

139 2829 199 2862 mus
219 2811 249 2863 in
271 2823 357 2882 partes
372 2811 435 2864 Sirie
452 2812 497 2864 ubi
520 2811 659 2882 requiescit
681 2813 783 2864 sandius
797 2813 927 2865 Leontius
951 2813 977 2864 in
998 2833 1049 2866 una
1069 2815 1175 2868 civitate

140 2891 218 2944 cuius
234 2910 333 2945 nomen
347 2891 424 2944 obliti
438 2893 535 2945 sumus.
552 2896 611 2953 Que
625 2892 716 2944 civitas
732 2905 851 2962 tempore
861 2892 998 2946 iustiniani
1011 2895 1177 2964 imperatoris

139 2972 260 3026 subversa
285 2973 319 3025 est
344 2991 359 3024 a
386 2985 452 3026 terre
477 2985 552 3025 motu
577 2990 638 3025 cum
664 2972 721 3024 aliis
745 2972 903 3025 civitatibus.
929 2974 1058 3027 Venimus
1083 2975 1176 3029 exinde

141 3051 293 3105 Bibbolum
310 3072 361 3123 que
377 3052 468 3122 &ipsa
482 3053 574 3105 civitas
587 3069 649 3104 cum
669 3053 823 3105 hominibus
841 3053 959 3105 subversa
976 3054 1019 3106 est.
1038 3056 1079 3106 Ex
1092 3055 1175 3126 hin[c]

140 3130 165 3182 in
180 3134 316 3186 ciuitatem
331 3133 430 3197 Triari,
451 3137 540 3204 que&
554 3134 607 3204 ipsa
621 3135 738 3186 subversa
751 3134 792 3186 est.
813 3133 918 3186 Deinde
931 3133 1052 3187 venimus
1068 3135 1094 3186 in
1107 3137 1171 3188 civi-

141 3223 221 3266 tatem
247 3213 477 3284 splendidillimam
499 3215 607 3267 nomine
622 3214 740 3280 Beritho,
762 3213 788 3266 in
810 3233 863 3284 qua
881 3232 965 3284 nuper
985 3215 1036 3266 luit
1054 3215 1168 3269 studium

141 3291 289 3346 litterarum
305 3313 356 3363 que
371 3293 404 3345 est
417 3295 464 3346 sub
477 3306 604 3346 montana
618 3293 721 3346 Libani.
739 3295 765 3346 A
782 3293 891 3346 Beritho
910 3293 1030 3347 venimus
1044 3295 1166 3349 Sidonem

142 3392 192 3442 que
206 3374 328 3426 :adheret
347 3375 459 3426 Libano.
482 3375 524 3425 De
543 3374 639 3426 Sidone
661 3374 781 3426 venimus
804 3377 910 3443 Sarepta
929 3373 956 3425 in
979 3393 1031 3444 qua
1049 3375 1084 3427 est
1096 3393 1175 3428 cena·

141 3453 234 3506 culum
255 3453 321 3506 illud
342 3455 415 3524 quod
438 3454 537 3506 facium
552 3454 638 3506 fuerat
652 3453 766 3506 Helie&
781 3453 877 3506 ledlum
893 3454 939 3506 ubi
952 3455 1080 3507 recubuit.
1105 3457 1175 3509 Exe-

142 3535 251 3587 untibus
265 3534 341 3586 nobis
354 3535 386 3586 de
401 3537 507 3605 Sarepta
521 3535 641 3587 venimus
656 3534 682 3586 in
696 3534 830 3587 civitatem
842 3533 950 3586 Titum.
962 3535 991 3587 A
1006 3534 1075 3587 Tiro
1089 3537 1171 3607 usque

142 3615 173 3666 ad
180 3617 289 3684 Sarepta
302 3615 360 3666 sunt
375 3614 486 3667 miliaria
500 3615 654 3684 septemAt
666 3633 728 3666 vero
741 3615 773 3666 de
786 3613 856 3684 Tiro
866 3614 986 3666 venimus
996 3613 1023 3666 in
1037 3615 1171 3669 civitatem

143 3695 272 3746 Nazareth
284 3694 328 3746 ubi
337 3694 448 3762 angelus
459 3695 568 3748 Gabriel
580 3693 753 3747 adnunciavit
763 3695 847 3746 sancte
860 3693 947 3746 Maris
962 3693 1172 3749 incarnationem

144 3775 263 3828 Domini.
284 3776 326 3826 De
347 3775 477 3827 Nazareth
499 3775 620 3827 venirnns
641 3774 667 3826 in
691 3787 811 3826 montem
836 3774 948 3838 Tabor,
969 3774 1014 3826 nbi
1037 3775 1174 3828 Dominus

142 3856 340 3924 transfiguratus
360 3855 401 3906 est.
424 3857 466 3908 De
480 3856 575 3908 Tabor
594 3855 713 3907 venimus
735 3855 768 3906 ad
791 3871 861 3906 mare
883 3854 1043 3919 Tiberiadis,
1063 3855 1090 3907 in
1110 3855 1174 3908 civi·

144 3945 223 3988 tatem
239 3954 292 4006 que
316 3937 453 4006 quondam
472 3935 603 4006 appellata
625 3935 660 3988 est
680 3936 799 4000 Sichem3
825 3936 907 3988 modo
928 3935 1026 3988 dicitur
1039 3933 1174 4004 NeapoliS,

143 4004 168 4064 in
180 4035 235 4085 qua
248 4027 343 4086 puteus
367 4017 402 4068 est
422 4015 468 4068 ubi
482 4015 617 4068 Dominus
638 4035 652 4068 a
666 4015 776 4068 muliere
790 4015 953 4068 Samaritana
976 4032 1073 4085 aquam
1089 4013 1175 4084 petiit,

144 4093 168 4145 in
180 4095 286 4148 bafilica
299 4097 384 4149 Sancti
398 4095 532 4148 Iohannis.
550 4095 656 4148 Deinde
679 4095 799 4148 venimus
813 4093 840 4146 in
855 4094 989 4147 civitatem
1004 4093 1172 4147 Tiberiadim

145 4173 169 4226 in
183 4195 235 4246 qua
248 4177 283 4228 est
296 4194 367 4228 mare
382 4176 502 4243 Galilee3
526 4177 600 4245 quod
616 4175 704 4228 lacum
719 4174 837 4226 Iordanis
850 4173 922 4227 facit.
935 4175 1000 4227 Inde
1012 4175 1173 4227 transeuntes

145 4256 262 4309 venimus
280 4255 314 4308 ad
330 4257 397 4308 duos
415 4256 500 4307 fontes
523 4254 623 4308 scilicet
636 4257 681 4306 Ior
703 4255 812 4319 &Dan,
832 4254 879 4324 qui
892 4254 919 4306 in
933 4272 1017 4306 unum
1033 4253 1173 4306 confluunt

146 4335 309 4390 &vocitatur
322 4334 449 4388 Iordanis.
464 4335 562 4388 Parvus
576 4333 723 4404 ingreditur
735 4333 763 4386 in
777 4334 866 4388 lacum
885 4334 958 4404 quod
972 4343 1082 4387 vocatur
1101 4349 1173 4386 mare
