3434 5704
701 567 745 648 5⁰
1230 571 1248 652 5

289 777 346 847 (Cf.
357 778 529 847 Philostratus,
538 783 568 835 In
577 781 735 852 Apollonium,
746 785 761 839 Ι.
771 787 817 852 vt,
827 803 850 839 c.
863 803 905 856 35,
916 787 956 842 sd.
964 788 1152 856 Wcllennann,
1165 787 1253 855 emt,

221 863 298 924 1849,
311 875 337 928 p.
357 877 414 926 140,
430 859 455 910 a
466 859 561 912 Irim
573 863 672 930 Grata,
684 863 719 934 1.)

88 1009 121 1056 c.
146 999 207 1082 5⁰·
221 975 492 1096 Pomponius
514 976 641 1067 Mela.
656 999 708 1070 (ti)

262 1111 375 1196 «Syria
388 1113 443 1176 late
456 1113 540 1178 ὅτινα
557 1129 628 1179 tenet
645 1119 793 1208 terrasque
813 1119 895 1181 etiam
913 1119 997 1182 latius
1018 1121 1169 1208 introrsus,
1191 1122 1253 1187 ab'is

219 1201 334 1291 ubisque
346 1217 509 1286 nuncupata
522 1206 682 1271 nominibus.
704 1207 786 1271 Nam
801 1209 834 1269 &
850 1206 1068 1288 conletatur,
1089 1211 1124 1272 {d
1146 1209 1252 1275 Melo-

219 1300 363 1382 potamia,
388 1302 422 1363 &
448 1299 648 1384 Damascene,
672 1307 707 1368 id
734 1306 910 1385 Adiabene,
939 1308 974 1368 id
1003 1306 1188 1391 Babylonia,
1218 1311 1252 1372 fd

218 1393 335 1477 Iudaea,
360 1399 394 1460 ld
415 1397 610 1482 Colophone.
624 1403 686 1466 Hic
700 1401 857 1468 Palaestine
876 1407 922 1486 est,
937 1427 994 1486 qua
1016 1405 1108 1488 tangit
1128 1405 1251 1489 Arabas,

217 1509 275 1559 nem
301 1494 463 1575 Phoenice„
479 1498 513 1559 id
534 1500 583 1561 ubi
598 1501 635 1590 se
659 1501 779 1566 Ciliciae
800 1503 948 1583 committit,
973 1503 1151 1565 Antiochia.
1173 1502 1226 1566 Oli
1330 1529 1332 1536 ·

218 1618 252 1658 ac
281 1594 331 1656 diu
355 1607 458 1678 potens,
483 1597 543 1686 sed
563 1621 624 1661 eum
655 1624 716 1663 cam
750 1623 835 1684 regno
868 1601 1027 1663 Semiramis
1060 1603 1149 1664 tenuit
1177 1603 1253 1686 longe

214 1692 404 1780 potenttffima.
442 1693 585 1778 Operibus
607 1712 679 1761 certe
712 1699 770 1762 eius
799 1696 920 1785 instgnia
951 1699 1041 1763 multa
1072 1699 1149 1787 sunt.
1183 1700 1254 1763 Duo

217 1789 336 1853 maxime
350 1791 492 1872 excellunt,
506 1795 650 1874 constituta
665 1799 733 1859 urbs
746 1797 828 1860 ntirae
841 1797 1039 1879 magnitudinis
1053 1797 1204 1882 Babylon,
1219 1821 1253 1861 ac

211 1887 293 1976 streis
306 1889 367 1952 olim
386 1889 540 1972 regionibus
561 1890 733 1976 Euphrates
753 1896 787 1957 ot
805 1895 911 1980 Tigris
935 1895 1052 1982 imnuffi.
1074 1895 1204 1958 Ceterum
1223 1895 1252 1955 in

218 1986 374 2052 Palaestina
385 1990 423 2070 est
437 1989 531 2071 ingens
548 1992 582 2052 &
599 1993 710 2056 munita
727 1995 874 2056 admodum
891 1993 982 2059 Gaza
998 1993 1047 2080 (stc
1059 1993 1158 2081 Persae
1171 2013 1252 2056 aera·

217 2087 292 2150 rium
304 2095 428 2167 vocant),
439 2089 474 2149 ὅ
482 2089 545 2151 inde
555 2112 650 2153 nomen
661 2092 707 2176 est,
718 2093 862 2173 quodcum
873 2091 1020 2182 Cambyses
1031 2092 1120 2155 armis
1130 2089 1251 2174 AEgyp-

217 2198 283 2246 turn
292 2199 406 2269 peteret,
415 2188 468 2251 buc
483 2189 547 2252 belli
559 2192 594 2252 id
605 2194 712 2274 opes&
721 2189 869 2274 pecuniam
879 2189 1024 2252 intulerat.
1035 2189 1088 2272 Est
1095 2211 1148 2251 non
1159 2190 1251 2251 aanor

217 2280 359 2348 Ascalon.
378 2285 431 2370 Est
445 2283 521 2370 Iope
538 2302 602 2350 ante
616 2289 757 2352 diluvium
770 2287 933 2370 (atserunt)
945 2288 1065 2366 condita,
1079 2289 1128 2349 ubi
1141 2286 1251 2370 Cephea

216 2381 346 2466 regnaffe
361 2405 388 2447 eo
399 2383 481 2470 signo
495 2385 594 2448 accolae
613 2385 778 2470 adfirmant,
798 2385 872 2468 quod
889 2383 998 2448 tittelum
1018 2385 1074 2446 cius
1082 2384 1252 2473 fratrisque

217 2476 320 2540 Pbinei
343 2493 449 2543 veteres
476 2482 606 2562 quadam
633 2504 696 2544 aree
719 2504 781 2544 cum
811 2481 940 2563 religione
959 2482 1089 2564 plurima
1113 2481 1253 2543 retinent:

217 2576 376 2657 quinetiam
386 2579 430 2640 rei
438 2579 584 2642 celebrata
594 2579 765 2642 carminibus
776 2603 809 2642 ac
814 2579 940 2664 sabulis,
945 2579 1133 2666 servataque
1148 2577 1252 2642 aPer·

208 2674 260 2763 seo
273 2675 456 2739 hedromedae
469 2677 581 2740 clarum
594 2679 747 2763 om'gium,
768 2678 891 2741 marinae
913 2677 1013 2741 bellua
1032 2677 1094 2762 effa
1113 2677 1251 2740 immania

217 2773 359 2858 ostentant.

259 2897 272 2928 ι
288 2869 454 2934 Phoenicen
460 2872 653 2956 inlustravere
661 2871 815 2952 Phanion,
814 2870 920 2957 sollers
929 2873 1066 2934 bominum
1069 2873 1206 2954 genus&
1213 2871 1255 2934 ad

216 2969 283 3033 belli
283 2968 418 3055 pacisque
428 2971 525 3032 munia
534 2971 673 3034 eximium.
684 2970 800 3035 Literas
810 2974 844 3035 ld
853 2971 1005 3034 literarum
1015 2968 1112 3052 opera's
1126 2969 1253 3056 aliasque

215 3067 298 3130 etiam
319 3082 404 3146 artes,
424 3069 521 3131 maria
541 3070 666 3132 nauibus
687 3068 781 3147 adire,
800 3068 886 3152 claffo
910 3068 1065 3152 confligere,
1087 3066 1253 3150 imperitare

210 3166 347 3248 gentibus,
358 3187 474 3247 regnum
482 3165 669 3250 proeliumque
677 3168 824 3228 commenti.
837 3167 873 3228 ln
884 3189 917 3228 ea
927 3164 1089 3250 cstTyros,
1100 3165 1254 3247 aliquando

214 3265 320 3354 insula,
333 3286 405 3325 nunc
420 3263 530 3326 adnexa
549 3265 634 3328 terris
653 3264 751 3349 deficit,
773 3264 847 3346 quad
865 3265 901 3326 ab
921 3263 1094 3349 impugnante
1115 3263 1253 3345 quondam

214 3360 374 3425 AEexandro
395 3363 471 3425 iatta
489 3378 574 3446 opera
593 3363 652 3426 vici
674 3375 772 3426 tenent.
806 3361 934 3425 Ulterior
955 3362 988 3422 tt
1013 3359 1104 3424 adbuc
1125 3363 1254 3446 opulenta

214 3459 319 3538 Sidon,
325 3474 498 3542 antequama
505 3461 752 3545 Perſsscaperetur
763 3461 979 3524 maritimarum
987 3459 1101 3522 urbiam
1114 3461 1250 3526 maxima.

214 3555 256 3620 Ab
270 3581 303 3620 ea
318 3559 361 3620 ad
367 3561 597 3641 promunturium
608 3557 813 3642 Euprosopon
825 3558 958 3646 daosunt
968 3557 1080 3642 oppida,
1091 3557 1208 3640 Byblos
1219 3564 1254 3624 ὅ

214 3653 336 3738 Botrys.
352 3655 440 3719 Ultra
450 3657 509 3718 tria
509 3657 647 3740 suerunt,
650 3655 773 3740 stngulis
780 3655 853 3718 inter
858 3654 894 3741 se
904 3655 1005 3736 stadiis
1019 3654 1172 3738 distantia:
1181 3655 1253 3717 locus

213 3777 247 3816 ex
258 3777 373 3817 numero
385 3753 527 3837 Tripolis
539 3753 651 3816 diciner.
670 3751 744 3816 'l'um
768 3752 885 3836 Simyra
898 3752 1052 3834 castellum,
1068 3753 1102 3814 &
1117 3753 1185 3814 urbs
1199 3775 1251 3814 non

214 3851 333 3940 obscuro
347 3850 517 3915 Marathos.
540 3851 609 3914 Inde
634 3852 692 3913 iam
715 3874 767 3912 non
792 3851 903 3933 obliqua
920 3849 1032 3934 pelago,
1051 3849 1104 3933 [ed
1120 3851 1251 3938 adversa

214 3950 344 4013 adiacms
371 3948 453 4034 Asta,
473 3949 613 4032 grandem
631 3948 728 4033 ſsnam
754 3949 852 4032 inficeto
887 3957 986 4012 cratia
1021 3948 1110 4011 litoris
1142 3948 1251 4032 accipit.

214 4047 317 4132 Popub
330 4047 396 4110 dites
409 4046 616 4132 circamstdent,·
623 4046 695 4132 sttus
709 4047 813 4134 efficit:
827 4046 896 4128 quia
917 4045 992 4127 regio
1008 4044 1130 4129 fertilis,
1144 4047 1253 4109 crebris

215 4147 249 4207 ὅ
273 4145 483 4228 navigabilibus
509 4144 599 4207 alveis
612 4145 768 4230 flaminum
787 4144 906 4228 pervia,
929 4139 1062 4230 diuersas
1083 4157 1143 4226 opes
1162 4144 1252 4205 maris

214 4259 295 4326 atque
308 4257 456 4306 terrarum
462 4242 553 4327 facili
565 4243 722 4306 commercio
733 4256 925 4327 permutatae
942 4241 1044 4329 miscet.
1059 4240 1097 4302 ln
1108 4263 1136 4303 eo
1150 4241 1252 4325 prima

210 4343 370 4427 estrebqua
385 4357 458 4428 pars
478 4339 580 4426 Syriae,
594 4342 640 4406 cai
662 4340 839 4406 Antiochia
853 4363 995 4426 cognomen
1016 4339 1145 4418 addar,
1165 4341 1198 4401 id
1221 4339 1251 4400 in
