3448 5718
502 517 564 566 XXX
899 509 1123 564 PRAEFATIO.

540 722 581 786 A.
606 739 690 805 1747,
709 723 738 784 in
759 722 989 806 Antiquitatum
1012 720 1163 786 sacrarum
1186 720 1325 788 thesauro
1343 722 1389 786 Bl.
1409 721 1533 806 Ugrlini,

501 833 520 884 t.
534 818 566 886 V
562 819 607 900 II,
616 819 665 883 col.
679 835 857 902 1207·1224.
869 819 1000 884 Editionis
1011 821 1174 910 qnaesupra
1183 819 1339 884 immediate
1352 819 1531 906 reimpreffia.

541 939 575 1004 A
592 942 677 1024 1849,
684 943 713 1004 in
724 941 829 1024 Migne
844 919 1026 1024 Patrolopiae
1040 939 1273 1018 latinaecursmt.
1283 939 1426 1020 LXXII,
1435 966 1458 1004 c.
1470 941 1531 1028 898

501 1040 613 1129 &seq.,
627 1042 656 1102 in
671 1063 728 1124 qua
739 1039 977 1125 Bollandistarum
993 1040 1131 1101 editionem
1149 1038 1344 1123 reimpreffam
1361 1040 1490 1124 reperies.

540 1159 573 1224 et
598 1161 682 1246 1863,
703 1161 798 1226 Sentii
812 1159 902 1240 Galli,
919 1183 980 1223 cum
993 1161 1061 1223 notis
1074 1161 1168 1224 variis
1181 1182 1216 1223 ae
1232 1160 1398 1240 temonibus,
1420 1171 1533 1226 auctore

505 1255 539 1320 Τ.
557 1255 668 1321 Tabler.

979 1497 1049 1569 11111

624 1699 829 1765 nicatius,
847 1698 1018 1752 anemo
1035 1701 1089 1753 aa
1106 1701 1218 1754 noeis
1233 1699 1407 1756 sanatio.

541 1875 618 1938 Sexto
628 1875 741 1961 saeculo,
764 1875 881 1957 triginta
901 1874 1011 1938 circiter
1030 1877 1110 1939 annis
1126 1879 1187 1962 post
1206 1876 1364 1965 Ierusalem
1385 1879 1422 1940 ab
1438 1877 1531 1941 Omen·

501 1971 724 2036 Ibn-el-Chatdb
745 1985 943 2054 expugnatam,
962 1993 1034 2034 anno
1056 1974 1125 2056 670,
1144 1973 1397 2057 peregrinationem
1417 1973 1528 2036 inveni·

500 2092 561 2132 mus
570 2070 810 2153 praeeipuostudio
830 2070 953 2152 dignam,
977 2093 1038 2133 earn
1058 2073 1116 2134 dieo
1136 2094 1221 2153 qnam
1242 2071 1363 2158 suscepit
1385 2069 1531 2154 heulsm,

504 2165 632 2230 Gallicus
645 2166 790 2252 episcopus,
810 2189 888 2248 quem
903 2167 1054 2230 voliterunt
1070 2167 1159 2250 aliqui
1173 2167 1427 2256 Petragore'censem
1442 2164 1532 2252 antis-

501 2262 704 2348 titemsuiffe.¹
723 2261 788 2346 Qui
797 2263 866 2326 enim
877 2286 929 2326 non
944 2265 1029 2351 cursu
1040 2265 1140 2347 rapido
1152 2265 1331 2348 Palaestinam
1338 2263 1532 2348 pertuterit,

499 2361 554 2423 imo
567 2373 659 2424 autern
669 2361 698 2422 in
707 2361 874 2450 quibusdam
882 2360 947 2424 loeis
955 2362 1004 2424 diu
1013 2362 1158 2451 manserit,
1169 2364 1203 2425 id
1209 2359 1441 2444 exempdgratia,
1452 2358 1532 2421 Iero-

496 2457 610 2546 solymae
633 2481 731 2521 novem
756 2456 900 2542 menstbus.
924 2457 1091 2544 ¹Quinetiam
1110 2459 1163 2544 ipſs
1180 2459 1298 2541 contigit,
1320 2471 1353 2520 ut
1369 2482 1389 2521 a
1413 2458 1532 2539 quodam

499 2553 643 2635 heremita,
657 2557 762 2619 nomine
774 2555 868 2635 Petro,
881 2556 930 2638 qui
943 2556 1050 2639 quidem
1061 2581 1075 2618 e
1086 2556 1257 2640 Burgundio
1271 2557 1415 2633 oriundus,
1429 2555 1533 2618 diutius

498 2655 528 2716 in
542 2651 639 2716 Terra
649 2653 753 2716 Sancta
763 2655 888 2732 vixerat,
898 2657 1048 2717 duceretur
1059 2655 1117 2728 (lib.
1130 2655 1175 2734 II,
1190 2677 1213 2718 c.
1224 2655 1262 2718 X
1258 2654 1295 2717 X
1293 2654 1312 2717 I
1315 2653 1394 2718 V-X
1391 2653 1429 2716 Χ
1428 2653 1460 2720 V
1463 2665 1483 2726 ).
1495 2653 1536 2716 Id

499 2764 591 2814 autern
605 2750 695 2813 minus
704 2750 849 2837 prospere,
863 2752 938 2834 quod
949 2776 982 2814 ea
992 2774 1056 2834 quae
1070 2751 1144 2815 vidit
1160 2754 1195 2815 id
1209 2765 1336 2836 expertus
1350 2753 1395 2836 est,
1408 2751 1466 2839 ipse
1479 2773 1532 2813 non

491 2848 618 2937 seripstt.
632 2848 715 2910 Dum
735 2850 805 2910 enim
818 2849 848 2911 in
857 2851 987 2932 patriam
1001 2850 1109 2912 rediens
1122 2851 1285 2932 navigaret,
1300 2852 1483 2934 atempesiate
1494 2850 1537 2912 ad

498 2946 620 3035 insulam
636 2945 743 3027 Ionam,
765 2945 846 3009 haud
855 2947 932 3030 longe
946 2970 966 3009 e
980 2945 1078 3010 Scotieo
1091 2946 1285 3033 datarefitam,
1303 2946 1402 3035 pulsus
1419 2949 1466 3029 est,
1485 2946 1534 3008 ubi

499 3047 535 3109 ab
546 3029 647 3108 ibbate
661 3041 770 3130 Hionſs,
785 3041 961 3123 Adamnano,
967 3041 1124 3130 susceptus,
1137 3044 1190 3129 ipſs
1203 3043 1339 3132 santiam
1358 3044 1430 3108 hanc
1450 3060 1532 3128 pere-

496 3143 679 3225 grinationem
689 3142 840 3221 narravit,
850 3141 1003 3230 atseriptis
1013 3143 1210 3222 mandaretur,
1224 3157 1306 3226 atque
1318 3145 1436 3233 insuper
1450 3142 1533 3204 cereis

489 3240 555 3327 suis
572 3239 680 3302 tabelis
694 3236 840 3320 Sepulcri,
864 3237 974 3301 Zionis
994 3240 1028 3300 ἔθ’
1051 3238 1242 3304 Ascenfionis
1261 3240 1445 3325 ecclesarum,
1458 3238 1535 3324 stcut

497 3337 565 3400 aedii
574 3337 667 3425 snper
681 3334 784 3398 [acobi
800 3335 923 3400 Sithem
937 3336 1094 3420 edificata,
1119 3337 1238 3402 lineares
1255 3339 1383 3421 picturas
1404 3337 1531 3400 tradidit.

498 3434 645 3518 Quamvis
662 3433 743 3497 baud
751 3434 866 3496 dubium
878 3433 915 3516 st
927 3436 1054 3498 abbatem
1069 3433 1276 3514 Adanmanum,
1299 3437 1377 3499 euius
1391 3434 1534 3522 scribendi

498 3531 1532 3621 ratiosanelaudedignaeli,auditaveldittatofidedtertranscrrpfiffe‚²

499 3640 621 3691 attamen
638 3627 667 3688 in
687 3628 743 3690 eius
757 3626 914 3712 exposttione
934 3627 1098 3711 tautologias
1114 3643 1224 3713 porum
1242 3631 1351 3713 quidem
1372 3631 1533 3698 laudandas

498 3725 624 3809 reperies.
643 3723 675 3790 V
671 3723 845 3810 erifimillime
859 3740 951 3790 antem
972 3727 1156 3811 estprincipio
1177 3727 1340 3791 Adamnane'
1350 3729 1532 3819 scriptoram

536 3882 673 3936 ivicomte
686 3882 776 3936 Alexis
787 3885 820 3936 de
832 3887 979 3954 Goutguet,
1042 3885 1186 3954 Aegtorom,
1197 3885 1212 3939 Ι.
1227 3893 1256 3953 V,
1265 3904 1291 3940 c.
1312 3907 1320 3940 ι
1326 3905 1339 3954 5
1357 3887 1473 3958 (Μῖμο,
1485 3891 1533 3942 Pa-

498 3963 531 4015 le
543 3961 718 4016 Saint-Suaire.
732 3962 884 4033 Pirigueux,
904 3969 980 4030 18⁶8,
1043 3965 1097 4019 troi.
1111 3966 1166 4032 lat,
1181 3968 1263 4032 XCV,
1273 3985 1296 4022 c.
1312 3967 1386 4036 254).
1402 3969 1442 4023 Cf.
1455 3970 1531 4021 etiam

497 4059 521 4112 p.
539 4046 580 4095 1⁶.
1042 4045 1215 4116 Anonymum
1245 4039 1416 4101 Meilic'e'nsem
1446 4049 1533 4118 (ibid,

527 4121 983 4194 aLibrumsuumAlirido,regiNot·
1044 4127 1167 4190 CCXIII,
1178 4143 1202 4179 c.
1215 4127 1290 4196 969),
1298 4128 1342 4199 qui
1361 4129 1440 4183 Beda
1453 4130 1532 4182 rerba

498 4201 983 4272 thumbrorum,obtuiitipseAdamtit·
1044 4205 1143 4278 repetit.

498 4299 553 4339 aut.
568 4279 609 4337 cf.
623 4281 702 4340 Bedae
711 4281 798 4356 Instar.
807 4281 984 4356 ecclesiasticum
