3390 5720
491 516 537 594 88
741 533 793 586 ua
818 533 906 586 stru
930 534 1077 588 rumam
1102 533 1269 588 saumas

421 769 423 774 ’
489 752 549 806 vitis
560 771 643 822 quam
657 751 792 806 Dominus
806 751 901 823 posuit,
918 771 971 824 que
984 753 1043 806 vitis
1060 754 1088 806 in
1100 751 1274 808 Pentecosten
1286 753 1403 811 studium
1415 753 1463 806 dat
1476 755 1525 808 a&

490 833 552 888 inde
565 834 782 888 communicatur
796 833 1067 904 Constantinopolim,
1089 835 1114 888 tc
1132 834 1227 888 exinde
1247 847 1301 888 tam
1315 835 1348 887 de
1360 833 1427 904 'agro
1445 851 1524 905 quam

490 915 522 969 de
544 913 597 969 rite
614 913 800 968 transmittitur
818 915 866 967 suo
883 933 994 986 quoque
1006 913 1163 985 tempores

403 995 462 1043 XIX
527 994 627 1048 Civitas
646 994 784 1048 Leviadac
800 1005 872 1047 trans
891 995 1031 1048 Iordanem
1053 993 1097 1060 cll,
1117 995 1198 1048 habet
1217 995 1250 1048 de
1272 993 1402 1048 Hiericho
1415 994 1527 1048 miliaria

490 1075 645 1140 duodecim,
656 1075 683 1128 in
696 1075 750 1146 ipsa
760 1074 876 1129 Leriada
890 1075 998 1146 Moyses
1013 1073 1128 1146 lapidem
1139 1076 1173 1129 de
1184 1074 1259 1144 virga
1268 1075 1399 1146 perculsu,
1409 1076 1434 1128 δι
1446 1075 1528 1128 liune-

490 1168 553 1208 runt
565 1175 643 1228 aque,
656 1175 709 1226 que
720 1155 801 1227 ipsam
812 1154 955 1209 Leviadam
965 1173 1074 1210 omnem
1084 1157 1210 1226 irrigant3
1221 1156 1258 1209 ibi
1267 1157 1383 1210 nascitur
1391 1153 1528 1209 dadlulum

490 1235 644 1290 nicholaum
656 1236 795 1304 maiorem,
807 1235 844 1288 ibi
854 1237 878 1288 dc
889 1236 999 1308 Moyses
1012 1237 1044 1290 de
1055 1237 1143 1289 seculo
1158 1237 1263 1304 transiit,
1278 1237 1314 1290 ibi
1327 1239 1431 1308 &aque
1444 1233 1528 1288 calide

490 1317 558 1384 sunt,
571 1317 617 1370 ubi
632 1318 657 1371 dt
671 1319 781 1390 Moyses
792 1317 854 1370 lavit
868 1317 893 1370 dt
905 1316 932 1369 in
943 1317 1010 1387 ipsas
1022 1335 1105 1388 aquas
1118 1316 1218 1370 calidas
1230 1316 1322 1388 leproli
1335 1313 1497 1370 curantur.d

388 1389 461 1438 XVH
527 1399 559 1450 In
574 1397 635 1451 loco
650 1397 695 1451 ubi
704 1397 841 1451 Dominus
854 1397 1004 1467 baptizatus
1017 1397 1060 1464 et,
1073 1396 1110 1450 ibi
1123 1397 1158 1450 est
1175 1415 1228 1450 una
1240 1397 1367 1451 columna
1380 1411 1530 1450 marmorea

490 1477 554 1530 &in
575 1477 630 1548 ipsa
642 1478 770 1531 columna
789 1477 856 1530 faeta
874 1476 908 1529 est
926 1495 991 1530 crux
1006 1475 1094 1530 ferrea.
1114 1477 1155 1529 lbi
1175 1476 1210 1531 est
1230 1479 1255 1530 a
1268 1477 1374 1531 ecclesia
1387 1475 1476 1530 Sansli
1490 1477 1531 1528 lo·

490 1558 584 1610 hannis
603 1557 723 1629 baptiste,
745 1577 825 1629 quam
847 1557 986 1612 fabricavit
999 1557 1150 1611 Anastastus
1164 1557 1316 1628 imperator,
1334 1574 1404 1630 quet
1421 1555 1530 1610 ecclelia

490 1639 566 1709 super
581 1655 698 1691 cameras
721 1637 834 1692 maiores
851 1639 877 1690 dc
895 1637 1007 1692 excelsas
1028 1638 1156 1691 fabricata
1171 1639 1206 1691 est
1218 1656 1266 1709 pro
1280 1639 1401 1703 Iordane,
1419 1636 1529 1708 quando

491 1718 591 1790 implet.
602 1715 621 1778 f
631 1720 662 1771 In
681 1737 734 1789 qua
746 1717 854 1772 ecclesra
867 1717 995 1770 monachi
1007 1730 1154 1784 morantur,
1173 1718 1220 1788 qui
1241 1718 1367 1772 monachi
1382 1719 1458 1771 senos
1471 1715 1530 1769 soli-

488 1799 540 1864 dos
553 1817 600 1870 pet
613 1815 715 1851 aunum
734 1798 767 1850 de
782 1797 868 1858 fiscog
884 1797 1021 1867 accipiunt
1034 1815 1082 1867 pro
1095 1797 1149 1850 vita
1163 1798 1207 1851 sua
1220 1797 1392 1867 trausrgenda.

403 1879 463 1927 XVI
528 1881 560 1932 In
579 1877 634 1949 ipso
656 1878 741 1931 locat
758 1877 804 1930 ubi
820 1877 957 1930 Dominus
977 1877 1127 1949 baptizatus
1140 1878 1175 1930 esl
1189 1879 1270 1948 usque
1288 1889 1359 1930 trana
1371 1876 1457 1948 ipsum
1474 1878 1531 1928 lor·

494 1960 601 2024 danem,
613 1959 650 2011 ibi
664 1957 699 2011 est
716 1975 793 2012 mona
806 1957 928 2010 modicus
943 1958 990 2028 qui
1003 1958 1151 2028 appellatur
1161 1960 1295 2025 Armona,
1311 1969 1402 2010 monte
1419 1957 1533 2010 Tabori

492 2039 540 2109 qui
555 2039 590 2092 est
602 2038 629 2091 in
641 2037 756 2104 Galilea,
774 2038 821 2091 ubi
840 2038 942 2091 sandius
960 2037 1051 2090 Helias
1065 2049 1154 2109 raptus
1175 2038 1217 2092 est.
1234 2037 1369 2092 Memoria
1384 2037 1465 2092 santii
1474 2039 1530 2090 lie·

491 2117 546 2172 lisei
560 2118 598 2172 ibi
613 2117 656 2185 est,
676 2117 723 2170 ubi
744 2117 845 2170 fontem
864 2117 1008 2184 benedixit,
1028 2119 1054 2170 dt
1076 2119 1152 2188 super
1174 2118 1228 2188 ipsa
1249 2117 1402 2171 memorial
1420 2117 1530 2172 ecclesia

493 2198 622 2253 fabricata
636 2198 678 2252 est.

379 2285 462 2334 xvnt
527 2281 576 2334 Ab
600 2279 671 2331 unde
691 2277 828 2332 Dominus
852 2278 1001 2348 baptizatus
1023 2279 1067 2345 est,
1089 2280 1170 2349 usque
1193 2279 1239 2332 ubi
1261 2279 1380 2332 iordanis
1399 2279 1426 2332 in
1451 2279 1530 2330 Mare

497 2361 611 2412 Mortuo
625 2359 715 2422 intrat,
727 2358 787 2410 sunt
800 2356 912 2411 miliaria
926 2358 1055 2428 quinque,
1066 2360 1091 2410 a
1104 2358 1157 2429 ipse
1171 2357 1206 2412 est
1220 2360 1300 2412 Mate
1314 2359 1470 2422 Mortuum,
1482 2356 1529 2412 ubi

492 2439 610 2493 Sodoma
624 2441 649 2492 a
664 2441 799 2492 Gomorra
811 2437 921 2490 dimerse
934 2439 992 2491 sunt
1005 2454 1067 2491 cum
1081 2438 1139 2490 aliis
1152 2438 1246 2506 tribus,
1266 2457 1319 2509 que
1332 2439 1454 2510 quinque
1466 2437 1531 2491 ciri·

490 2531 558 2573 tates
577 2519 685 2572 suerunt
703 2518 775 2571 iuxta
796 2517 874 2570 Mare
888 2518 1043 2570 Mortuum.

527 2598 568 2652 Ibi
582 2598 617 2652 eil
629 2617 696 2652 uxor
705 2598 786 2662 Loth,
798 2615 851 2668 que
864 2597 934 2651 faeta
948 2597 984 2650 est
995 2596 1079 2650 statua
1092 2599 1191 2664 salis,&
1203 2599 1344 2669 quomodo
1355 2598 1456 2662 crescit,
1466 2597 1530 2650 luna

492 2680 583 2735 crescit
595 2681 621 2732 dt
633 2679 714 2750 ipsa,1
727 2678 903 2748 &quomodo
918 2676 1047 2730 minuitur
1060 2678 1134 2745 luna,
1147 2678 1312 2732 minuitur&
1332 2678 1393 2749 ipsa.

405 2765 464 2814 Xlll
528 2763 594 2814 Item
610 2758 638 2813 in
653 2769 744 2813 monte
759 2756 894 2824 Oliveti,n
906 2757 952 2810 ubi
965 2758 1102 2811 Dominus
1123 2759 1198 2829 super
1211 2757 1325 2830 lapidem
1341 2757 1468 2812 humeros
1479 2760 1532 2812 irn-

492 2841 589 2912 posuit
611 2841 638 2893 in
664 2858 718 2910 qua
739 2851 812 2909 petra
832 2839 914 2892 ambo
935 2839 1038 2892 humeri
1058 2839 1114 2892 eius
1128 2839 1319 2893 descenderunt
1339 2839 1404 2893 ficut
1425 2839 1452 2892 in
1471 2857 1531 2894 cera

495 2921 589 2988 molle,
600 2921 646 2993 qui
660 2923 736 2975 locus
749 2923 870 2975 Ancona
880 2919 987 2984 dicitur,
1000 2919 1035 2973 ibi
1046 2921 1071 2972 dt
1079 2918 1186 2972 ecclesa
1196 2918 1323 2972 fabricata
1336 2919 1379 2985 eh,
1391 2921 1438 2973 ubi
1448 2939 1531 2992 prope

494 3000 529 3054 est
541 2999 591 3054 alia
605 3001 719 3068 ecclesa,
737 3001 784 3054 ubi
797 3002 882 3054 sanda
896 3000 983 3053 Tecla
997 2999 1039 3066 eli,
1055 3001 1080 3052 dc
1093 2999 1145 3071 ipse
1159 2999 1235 3052 locus
1248 2998 1346 3052 dicitur
1359 3001 1502 3071 Bethsage.
1517 3018 1531 3046 n

405 3083 466 3132 XIV
529 3081 595 3135 Inde
607 3081 696 3153 pullus
711 3080 786 3147 alme,
800 3099 879 3151 quem
895 3079 1031 3133 Dominus
1043 3079 1118 3144 sedit,
1132 3079 1261 3131 addudlus
1274 3078 1316 3144 est,
1335 3096 1397 3132 cum
1415 3099 1472 3151 quo
1490 3081 1531 3134 in·

494 3160 573 3214 travit
586 3173 690 3232 portam
704 3177 714 3207 v
727 3160 868 3215 Beniamin
878 3159 904 3212 in
916 3158 1151 3214 HierusalemUhi
1161 3159 1270 3228 legitum
1283 3161 1370 3227 Mare,
1380 3177 1464 3230 quan
1474 3180 1531 3216 coe·

407 3244 467 3292 xv1
495 3242 614 3294 urbatus
626 3259 659 3309 es,
676 3244 704 3294 ὅ
719 3253 746 3294 tu
767 3241 882 3294 Iordanis
895 3258 977 3311 quare
992 3243 1128 3310 conversus
1139 3257 1165 3292 es
1175 3239 1320 3309 retrorsum,
1333 3243 1362 3292 &l
1377 3257 1426 3294 vos
1438 3255 1532 3296 mus

496 3339 579 3392 quare
592 3322 736 3374 exultantes
744 3332 761 3383 p
773 3321 842 3390 ficut
852 3321 954 3385 arietes,
975 3323 1004 3374 di
1017 3337 1065 3373 vos
1086 3320 1157 3373 colles
1163 3319 1233 3388 sicut
1250 3320 1314 3388 agni
1330 3320 1430 3374 ovium.
1451 3322 1531 3377 Circa

394 3402 466 3451 xvu
499 3401 639 3454 Iordanem
654 3399 824 3463 monticelliq
840 3401 898 3453 sunt
913 3399 1000 3464 multi,
1013 3400 1039 3451 δι
1052 3401 1160 3470 quando
1169 3399 1305 3453 Dominus
1319 3402 1352 3454 ad
1367 3401 1529 3472 baptismum

498 3481 640 3548 descendit,
662 3478 707 3550 ipsr
729 3493 833 3534 montes
854 3492 922 3534 ante,
941 3479 1025 3551 ipsum
1048 3481 1221 3534 ambulabant
1241 3480 1427 3549 gestientia&
1449 3480 1531 3535 hodie

496 3560 570 3614 velut
590 3561 711 3613 saltantes
731 3559 861 3613 videntur.

529 3839 553 3874 a.
562 3823 632 3888 B.‚C.
643 3820 737 3874 tribuit.
747 3821 907 3875 -b.suo...
917 3831 980 3874 tern-
1041 3819 1104 3884 deest
1115 3819 1141 3872 in
1155 3821 1186 3872 D.
1196 3849 1231 3859 -
1240 3818 1255 3872 i.
1263 3821 1297 3873 D.
1312 3837 1385 3872 mons
1398 3821 1531 3874 Abun-

493 3899 980 3971 poreduflinB.,C.;&eaiude...tem·
1040 3899 1065 3951 lc
1081 3901 1107 3952 C.
1120 3900 1144 3952 δι
1157 3899 1229 3969 super
1242 3898 1323 3969 ipsum
1336 3902 1416 3952 obm.
1428 3929 1464 3940 -
1476 3900 1494 3954 l.
1505 3902 1531 3954 δι

494 3997 555 4051 pore
567 3979 631 4050 deest
642 3980 667 4033 in
677 3981 744 4034 B.-
755 3997 776 4032 c.
788 3983 820 4034 D.
834 3980 937 4033 Levida.
945 4007 980 4020 -·
1041 3979 1172 4047 quomodo
1182 4018 1187 4028 .
1201 4017 1206 4029 .
1217 4017 1222 4031 .
1233 3977 1284 4048 ipsa
1295 3979 1359 4047 deest
1368 3979 1394 4034 in
1402 3980 1440 4044 B,
1449 3982 1488 4044 G,
1500 3982 1530 4034 E.

495 4060 520 4114 d.
534 4061 616 4126 13.‚c.,
631 4059 660 4114 E.
676 4059 836 4113 mundantur.
854 4089 890 4099 -
908 4077 929 4110 e.
944 4059 980 4122 8.,
1041 4087 1074 4098 -
1088 4076 1122 4110 m.
1136 4059 1163 4112 B.
1171 4057 1231 4111 item
1244 4057 1269 4111 iu
1283 4069 1369 4112 monte
1382 4059 1483 4126 Oliveti,
1494 4059 1530 4114 ibi

497 4142 534 4207 C,
543 4139 570 4194 Ε.
583 4157 675 4210 quam,
687 4143 872 4208 C.,D.qua-
881 4139 898 4190 s.
908 4139 980 4202 M.
1042 4139 1075 4191 ell
1087 4138 1158 4208 lapis.
1170 4167 1206 4178 --
1215 4155 1239 4192 n.
1252 4140 1289 4204 B,
1299 4141 1339 4206 0.,
1350 4140 1376 4192 Ε.
1389 4139 1529 4210 Betpbage

497 4237 544 4289 pro
552 4218 738 4274 redundatione
748 4218 871 4274 Iordanis.
878 4235 941 4288 -ς,
949 4217 982 4270 de
1043 4235 1105 4272 -ο,
1118 4220 1152 4272 D.
1160 4218 1193 4272 de
1202 4229 1285 4288 portu
1296 4249 1330 4260 -
1340 4237 1364 4289 p.
1373 4223 1407 4273 D.
1417 4219 1529 4290 gessistis.

497 4298 557 4354 fisco
571 4301 635 4372 deest
647 4298 673 4353 sn
685 4303 716 4354 D.
732 4328 765 4340 -
780 4299 804 4352 h.
819 4299 843 4351 in
858 4297 911 4372 ipso
923 4297 982 4351 loco
1042 4329 1077 4340 -
1091 4317 1116 4372 q.
1129 4300 1171 4366 B„
1183 4297 1211 4352 Β.
1226 4311 1325 4354 montes
1337 4298 1402 4354 cels.
