3296 5700
524 555 592 652 236
847 569 952 623 ason
978 569 1227 622 vansansnrs

515 790 612 852 homo
634 810 727 851 manu
742 789 922 872 contingere
936 786 1043 871 potest,
1067 788 1106 850 ab
1120 789 1240 851 oriente
1254 789 1370 852 habens
1388 790 1548 853 introitum

514 879 565 942 cui
579 877 656 962 lapis
671 877 722 940 ille
737 898 865 960 magnus
879 876 1032 959 adpositus
1046 876 1098 956 est,
1112 878 1164 960 qui
1187 876 1369 942 intrinsecus
1382 879 1547 942 ferramen-

515 984 619 1031 torum
641 966 765 1050 vestigia
788 965 881 1049 usque
904 967 935 1028 in
951 965 1079 1049 praesens
1102 965 1246 1029 ostendit:
1270 988 1341 1030 nam
1365 966 1546 1031 extrinsecus

515 1055 607 1139 usque
629 1056 666 1118 ad
690 1054 833 1118 culminis
856 1055 1060 1118 summitatem
1075 1071 1176 1118 totum
1192 1075 1346 1118 marmore
1360 1057 1479 1119 testum
1494 1055 1547 1133 est;

514 1144 666 1207 summum
680 1165 753 1207 vero
768 1144 891 1207 culmen
907 1166 982 1207 auro
998 1161 1141 1207 ornatum
1160 1166 1284 1207 auream
1307 1145 1402 1228 gestat
1426 1167 1546 1208 enicem

515 1253 665 1315 magnam
689 1230 725 1295 In
748 1233 838 1296 huius
861 1254 935 1316 ergo
961 1234 1152 1296 monumenti
1168 1232 1334 1316 aquilonali
1352 1250 1439 1316 parte
1453 1233 1547 1317 sepul-

515 1342 604 1384 crum
615 1321 757 1400 Domini,
772 1323 802 1383 in
813 1321 920 1384 eadem
930 1338 1016 1404 petra
1024 1320 1158 1384 excisum
1175 1319 1377 1405 longitudinis
1386 1324 1428 1407 vij
1440 1323 1547 1406 pedum

516 1409 609 1472 trium
624 1409 763 1473 mensura
773 1410 944 1492 palmarum
955 1412 1132 1492 pavimento
1146 1410 1236 1474 altius
1250 1411 1376 1489 enrinet,
1390 1411 1548 1474 introitum

516 1498 629 1562 habens
653 1521 670 1561 a
693 1496 787 1561 latere
812 1497 982 1560 meridiano
1007 1499 1059 1562 ubi
1081 1499 1131 1561 die
1155 1499 1312 1582 nodluque
1333 1500 1375 1584 xij
1397 1499 1549 1584 lampades

514 1586 632 1665 ardent,
654 1589 685 1649 iv
708 1587 786 1649 infra
810 1585 1001 1669 sepulcrum,
1022 1589 1075 1670 viij
1101 1587 1197 1671 supra.
1219 1584 1255 1650 In
1281 1589 1420 1672 margine
1444 1588 1548 1652 dextro

515 1675 601 1758 lapis,
615 1677 668 1758 qui
683 1675 719 1738 ad
736 1674 867 1738 hostium
883 1677 1076 1739 monumenti
1091 1675 1203 1758 positus
1218 1693 1292 1755 erat,
1306 1697 1390 1740 nunc
1403 1673 1485 1740 fissus
1502 1677 1553 1756 cll,

513 1765 600 1828 cuius
613 1786 681 1847 pars
702 1765 803 1827 minor
818 1765 1000 1847 quadratum
1012 1765 1106 1827 altare
1126 1781 1196 1827 ante
1207 1764 1340 1828 hostiurn
1350 1765 1554 1830 nihilominus

514 1852 647 1916 eiusdem
679 1853 871 1914 monumenti
896 1851 960 1932 stat,
984 1855 1082 1916 maior
1104 1875 1178 1915 vero
1200 1854 1230 1916 in
1257 1853 1399 1918 orientali
1419 1854 1552 1916 eiusdem

514 1941 646 2006 ecclesrae
660 1941 741 2005 loco.
767 1939 1025 2027 Quadrangulum
1040 1941 1121 2005 aliud
1142 1941 1236 2005 altare
1256 1942 1309 2007 sub
1324 1943 1553 2007 linteaminibus

514 2046 605 2093 extat.
622 2030 721 2095 Color
735 2047 837 2092 autem
852 2027 985 2092 eiusdem
997 2032 1190 2094 monumenti
1204 2030 1378 2114 &sepulcri
1397 2030 1555 2094 alboruhi·

517 2119 619 2182 cundo
633 2119 802 2201 permixtus
812 2118 942 2180 videtur.
1030 2147 1032 2152 v

557 2205 608 2268 De
626 2206 696 2268 loco
712 2227 836 2289 quoque
854 2203 1031 2268 ascensionis
1053 2204 1183 2270 Domini
1209 2209 1351 2291 praefatus
1366 2211 1476 2275 audior
1491 2213 1552 2275 hoc

514 2294 609 2358 modo
625 2295 724 2357 refert
741 2293 837 2357 Mons
854 2292 1020 2358 Olivarum
1044 2293 1205 2358 altitudine
1221 2298 1320 2359 monti
1340 2297 1412 2361 Sion
1429 2321 1484 2382 par
1499 2301 1553 2382 est,

512 2379 560 2442 sed
581 2380 740 2444 latitudine
750 2381 779 2444 dr
790 2380 981 2463 longitudine
996 2381 1123 2463 praestat.
1134 2379 1283 2466 Exceptis
1294 2383 1407 2448 vitibus
1418 2385 1449 2448 δι
1461 2387 1554 2454 olivis

512 2490 578 2531 rare
593 2469 675 2532 ferax
690 2471 817 2548 arboris,
832 2469 975 2532 frumenti
991 2491 1116 2554 quoque
1132 2471 1283 2534 &hordei
1299 2472 1416 2537 fertilis.
1432 2475 1550 2561 Neque

511 2555 554 2619 est
567 2557 705 2638 brucosa,
728 2557 770 2621 set
792 2558 901 2620 florida
915 2557 947 2621 dt
968 2558 1095 2621 herbosa
1117 2559 1170 2622 soli
1194 2559 1276 2626 illius
1292 2560 1336 2624 est
1349 2563 1492 2646 qualitas.
1517 2565 1553 2629 ln

510 2647 597 2708 cuius
613 2645 730 2708 summo
744 2647 859 2708 vertice
874 2647 925 2709 ubi
942 2645 1099 2711 Dominus
1114 2648 1150 2710 ad
1166 2649 1259 2714 caelos
1273 2649 1408 2715 ascendit
1422 2653 1553 2719 ecclesia

512 2735 643 2797 rotunda
652 2733 784 2817 grandis,
796 2751 895 2797 ternas
914 2757 968 2817 per
982 2736 1146 2799 circuitum
1161 2755 1329 2802 cameratas
1345 2741 1437 2803 habet
1452 2747 1555 2825 porti-

511 2839 566 2886 cus
577 2821 704 2906 desuper
719 2823 822 2885 testas.
836 2821 969 2886 Interior
984 2845 1117 2908 nanque
1132 2825 1242 2890 domus
1258 2843 1384 2909 propter
1399 2829 1553 2896 dominici

513 2912 652 2994 corporis
664 2928 798 2974 meatum
809 2912 956 2974 camerari
968 2912 1069 2995 &tegi
1081 2935 1144 2977 non
1157 2916 1266 2996 potuit.
1276 2916 1385 2980 Altare
1395 2918 1433 2980 ad
1448 2923 1557 2985 orien-

513 3016 576 3063 tem
587 3000 700 3062 habens
711 2999 837 3084 angusto
848 3000 982 3064 culmine
993 3002 1178 3084 protedturn,
1189 3004 1220 3066 in
1232 3005 1318 3067 cuius
1330 3006 1433 3069 medio
1443 3009 1557 3075 ultima

515 3087 646 3151 Domini
665 3089 789 3171 vestigia
806 3088 882 3152 caelo
898 3090 1026 3172 desuper
1044 3107 1167 3172 patente
1181 3093 1233 3154 ubi
1249 3092 1392 3174 ascendit,
1405 3097 1558 3181 visuntur,

513 3199 582 3260 quae
600 3199 672 3240 cum
686 3177 853 3240 cottidiaea
871 3178 1066 3244 credentibus
1085 3195 1165 3244 terra
1190 3182 1325 3263 tollatur,
1348 3185 1556 3253 nihilominus

513 3283 615 3329 manet
639 3265 829 3349 eandemque
854 3265 953 3330 adhuc
978 3267 1111 3350 speciem
1134 3269 1228 3334 veluti
1262 3273 1409 3356 impressis
1437 3275 1556 3360 signata

512 3355 643 3436 vestigiis
660 3354 764 3416 servat.
780 3355 857 3417 Haec
871 3356 954 3418 circa
966 3377 1045 3419 aerea
1060 3373 1127 3421 rota
1141 3360 1220 3423 iacet
1234 3361 1378 3445 usquead
1394 3368 1555 3429 cervicem

514 3441 574 3504 alta
588 3443 625 3505 ab
637 3442 744 3506 occasu
760 3444 874 3507 habens
885 3445 1055 3524 introitum,
1070 3447 1222 3528 pendente
1236 3449 1363 3533 desuper
1378 3453 1409 3514 in
1425 3455 1558 3520 trocleis

513 3552 622 3614 magna
637 3531 776 3613 lampade
791 3547 915 3616 totaque
931 3532 979 3595 die
994 3555 1029 3596 ac
1044 3535 1144 3599 nodie.
1159 3535 1195 3599 In
1211 3538 1394 3602 occidentali
1410 3541 1553 3607 eiusdem

512 3618 646 3683 ecclefiae
668 3636 763 3701 parte,
778 3621 913 3684 fenestrae
926 3623 978 3706 viij
995 3623 1187 3709 totidemque
1210 3648 1227 3688 e
1250 3628 1375 3712 regione
1389 3629 1555 3712 lampades

514 3708 544 3768 in
555 3708 677 3772 funibus
690 3711 856 3793 pendentes
868 3711 960 3796 usque
971 3711 1209 3776 Hierosolimam
1224 3736 1278 3796 per
1292 3717 1404 3778 vitrum
1419 3719 1556 3804 hilgent,

513 3818 644 3879 quarum
656 3797 707 3860 lux
718 3799 813 3862 eorda
823 3801 1009 3863 intuentium
1022 3821 1094 3863 cum
1105 3803 1238 3884 quadam
1249 3803 1403 3870 alacritate
1418 3807 1451 3870 dr
1462 3831 1557 3874 com-

514 3885 681 3968 pundhione
706 3889 882 3970 pavesacere
905 3889 1025 3952 dicitur.
1049 3887 1083 3954 In
1108 3892 1158 3955 die
1182 3893 1359 3960 ascensionis
1383 3897 1556 3964 dominicae

515 3997 569 4058 per
584 3997 680 4039 annos
694 3975 835 4060 fingulos,
850 3976 934 4041 missa
944 3979 1075 4062 peratis,
1089 3981 1181 4045 validi
1196 3983 1327 4048 flaminis
1342 3986 1480 4068 procella
1496 3990 1555 4053 de·

514 4062 626 4126 sursum
651 4065 755 4129 venire
778 4064 935 4130 consuevit
958 4067 1110 4134 &omnes
1130 4073 1228 4155 quiin
1247 4072 1372 4138 ecclesia
1394 4073 1556 4143 adfuerint

515 4167 595 4215 terre
612 4155 811 4235 prosternere.

555 4240 605 4304 De
621 4238 675 4304 situ
689 4243 856 4307 Cebron&
871 4248 1078 4310 monumentis
1089 4265 1210 4329 patrum
1221 4251 1263 4313 ita
1273 4251 1384 4315 scribit.
1397 4253 1553 4319 Chebron

512 4330 670 4414 quondam
693 4333 800 4398 civitas
825 4333 854 4396 δι
879 4336 1070 4420 metropolis,
1094 4338 1201 4402 civitas
1221 4342 1305 4424 regni
1324 4341 1439 4421 David,
1465 4367 1553 4410 nunc
