3296 5700
509 482 577 578 248
663 493 991 550 sancrrmonraus
1013 489 1371 545 nnuounnarrmrtsts

544 816 589 884 lll.
618 814 809 884 Cerrobiolern
826 817 919 882 virrnn
933 813 1043 905 degere
1051 810 1128 900 filio
1138 833 1282 903 parentes
1293 814 1509 904 pronritrurrr.¹

555 1033 619 1107 Sed
638 1032 681 1105 ad
699 1033 867 1130 pristinam
893 1057 983 1105 nunc
1009 1028 1179 1102 redeamus
1202 1030 1319 1102 itemm
1339 1029 1462 1126 prefati
1482 1031 1544 1103 viri

505 1143 687 1214 infantiam.
706 1142 864 1235 Cumque
876 1164 1026 1236 parentes
1051 1139 1118 1211 eius
1136 1163 1262 1237 magno
1276 1140 1395 1210 mentis
1411 1135 1541 1212 excelsu

509 1247 647 1348 suspensi
659 1253 694 1320 ἃ
707 1247 749 1320 de
765 1250 889 1318 incerta
905 1246 961 1338 lilij
979 1247 1026 1317 sui
1038 1242 1189 1319 evasione
1200 1243 1359 1345 ambigui,
1377 1247 1541 1318 sumentes

506 1356 610 1428 filium
626 1357 731 1445 suurn,
749 1353 938 1426 obtulerunt
953 1353 1046 1425 illum
1062 1377 1177 1424 coram
1193 1351 1248 1424 illa
1260 1353 1431 1426 dominica
1450 1354 1539 1424 sanc-

508 1489 606 1559 taque
618 1487 715 1534 cruce
726 1461 912 1552 Salvatoris‚
928 1462 1008 1556 quia
1020 1457 1098 1530 srcut
1108 1457 1121 1504 ⁶
1132 1486 1207 1531 mos
1225 1461 1271 1532 est
1284 1463 1448 1532 Saxonice
1461 1487 1540 1560 gen-

508 1572 559 1662 tit,
576 1568 670 1666 quod
686 1570 720 1640 in
737 1567 923 1639 nonnullis‘
939 1563 1101 1638 nobilium
1114 1563 1349 1663 bonorumque
1366 1567 1540 1638 hominum

509 1675 628 1773 prediis
644 1701 715 1746 non
729 1671 908 1765 ecclesiam,
923 1671 979 1744 sed
995 1673 1104 1744 sancte
1115 1672 1232 1744 Crucis
1249 1671 1378 1772 fignum
1392 1675 1540 1746 Domino

509 1783 665 1874 dicatum,
683 1808 760 1853 curn
771 1805 897 1879 magno
914 1779 1043 1850 honore
1056 1779 1192 1871 almum,
1208 1782 1242 1851 in
1254 1780 1322 1852 alto
1341 1787 1487 1854 medium
1498 1779 1539 1852 ad

509 1887 727 1961 commodam
740 1885 882 1958 diurned
896 1887 1052 1958 orationis
1066 1885 1272 1958 sedulitatem
1288 1885 1410 1960 habere
1427 1887 1536 1960 solem

510 1997 576 2068 lllic
592 2019 754 2094 ponentes
770 1994 864 2064 illum
881 2018 995 2064 coram
1008 2018 1114 2085 cruce,
1131 1995 1316 2065 Dominum
1328 1995 1455 2086 Deum,
1472 2020 1538 2068 om·

510 2105 603 2175 nium
616 2103 860 2200 plasmatorem,
879 2100 952 2170 illos
964 2100 1128 2172 consolari
1140 2101 1360 2198 sospitemque
1374 2103 1469 2174 suurn
1480 2103 1536 2173 ser·

510 2237 586 2284 vare
607 2233 721 2279 natum
741 2207 802 2278 suis
819 2205 990 2278 virtutibus
1007 2204 1128 2280 obnixe
1143 2205 1347 2307 flagitabant,
1371 2207 1480 2304 srcque
1494 2211 1538 2278 in·

510 2315 688 2389 tentillirnis
701 2313 833 2384 illorum
841 2310 991 2409 precibus
1003 2313 1036 2384 se
1048 2315 1155 2387 vicem
1164 2314 1300 2387 reddere
1312 2315 1535 2413 spondebanr‘

512 2424 676 2513 Domino,
695 2446 741 2514 ut,
762 2419 784 2492 sr
802 2421 933 2518 pristina
949 2420 1032 2492 illius
1050 2423 1182 2494 infantis
1201 2422 1343 2494 restituta
1360 2424 1449 2495 foret
1465 2424 1537 2494 sani·

510 2555 569 2622 tas,
595 2528 763 2626 extemplo
790 2527 882 2598 illum
909 2524 965 2596 sub
987 2527 1066 2598 sacri
1087 2527 1210 2598 ordinis
1229 2528 1414 2625 primordio
1434 2531 1537 2602 tonsu·

510 2661 581 2707 ram
602 2637 761 2731 accipere,
790 2631 847 2706 sub
869 2631 1048 2704 cenobialis
1068 2637 1135 2706 vite
1152 2634 1332 2732 disciplina,
1358 2634 1419 2707 sub
1436 2634 1537 2707 divine

509 2742 592 2840 legis
604 2739 833 2812 moderamine
850 2737 1034 2830 militando,
1051 2739 1170 2811 Christi
1184 2740 1353 2813 famulanti
1367 2739 1542 2814 subiicere!

514 2849 606 2918 illum
630 2847 857 2946 promiserunt.
884 2848 1063 2942 Statimque
1081 2847 1256 2943 postquam
1276 2840 1322 2920 illi
1338 2872 1419 2920 vota
1444 2873 1537 2920 rore·

511 2980 597 3043 runt,
612 2952 712 3028 verba
724 2954 1035 3026 consummaverunt
1046 2953 1216 3050 liliumque
1230 2955 1323 3026 suum
1334 2955 1444 3027 celesti
1453 2981 1538 3026 com·

512 3059 752 3134 mendaverunt
779 3060 849 3158 regi
871 3059 1019 3152 militare,
1041 3061 1212 3132 confestim
1232 3086 1364 3159 gratum
1387 3062 1499 3159 postea
1520 3090 1537 3133 a

512 3170 664 3241 Domino
689 3169 887 3268 petitionum
906 3167 1192 3264 consequebantur
1209 3169 1375 3263 essedum,
1397 3171 1538 3268 pristina·

515 3299 579 3370 que
595 3301 699 3373 puero
718 3275 829 3372 postea
847 3275 987 3347 restituta
1003 3275 1048 3346 est
1065 3276 1192 3348 sanitas.

550 3499 603 3572 lV.
623 3505 675 3571 Ue
684 3507 821 3597 pueritia
843 3503 1026 3571 willibaldi
1033 3531 1045 3582 ‚¹
1062 3505 1103 3572 ad
1117 3508 1323 3594 monasterium
1345 3504 1520 3574 Weldlreint

955 3611 1084 3679 ducitur.
1095 3624 1112 3670 t

563 3815 719 3912 Cumque
740 3814 858 3886 illuster
881 3814 935 3886 ille
955 3815 1066 3912 puerl
1091 3812 1134 3886 ad
1160 3816 1423 3911 quinquennium
1449 3817 1541 3912 usque

515 3920 720 4020 pervenilset,
745 3923 780 3993 in
808 3946 849 3993 eo
876 3921 944 3992 iam
975 3945 1055 3994 tunc
1079 3921 1248 4018 spiritualis
1272 3921 1479 4020 germinabat
1500 3923 1540 3994 sa·

547 4115 570 4152 a.
586 4097 682 4150 ‘tintus
697 4099 722 4150 d.
737 4096 763 4149 ιἰι
776 4098 802 4150 C.
823 4125 859 4134 -
876 4097 902 4148 b.
918 4097 946 4148 F.
963 4110 999 4148 ut.
1063 4094 1199 4149 subiecisse.
1217 4127 1251 4137 -
1270 4115 1297 4166 g.
1318 4096 1350 4149 ad
1372 4096 1538 4149 monasterium

518 4195 587 4230 -c.
605 4181 631 4230 C.
647 4175 820 4229 nullia-d.
836 4177 864 4228 C.
880 4175 1000 4228 diuturni.
1065 4175 1326 4230 decumano.
1346 4174 1541 4230 —noaddie

518 4286 549 4296 -
569 4274 593 4311 e.
613 4259 642 4310 C.
658 4255 860 4331 spopondebant.
883 4284 918 4293 -
938 4254 956 4308 s.
972 4256 1001 4307 C.
1063 4253 1174 4310 infantia.
