3296 5700
309 558 596 612 nonmeomcou
623 561 647 611 ε.
670 561 912 614 wnuununr.
1046 545 1113 642 263

81 782 156 854 sunt
175 783 263 851 inter
285 781 430 876 quinque
441 795 456 825 ⁶
470 779 630 872 milliaria,
655 782 691 850 δι
716 778 895 851 duodecim
910 778 1036 878 Iapides
1051 782 1117 854 illic

81 897 204 970 suntin
223 895 364 972 ecclesa.
388 899 442 971 Illa
463 899 508 971 est
527 899 689 998 lignea&
707 923 777 968 non
798 923 930 994 magna.
955 897 1020 969 Illic
1043 901 1116 972 sunt

82 1003 266 1078 duodecim
281 1005 417 1104 lapides,
436 1031 521 1104 quos
534 1005 675 1077 tulerunt
691 1003 746 1094 filij
766 1004 856 1076 Israel
872 1004 913 1076 de
931 1006 1115 1080 Iordane&

82 1139 298 1210 portaverunt
309 1115 322 1160 ⁶
334 1114 377 1186 ad
388 1114 532 1214 Calgala
545 1115 639 1213 super
654 1115 800 1210 quinque
813 1113 1002 1185 milliaria&
1011 1115 1114 1214 depo·

84 1223 238 1293 suerunt‘
253 1221 297 1293 ad
306 1221 528 1293 testimonium
542 1223 832 1320 transmigrationis
844 1221 1027 1294 illorumlit
1036 1247 1114 1294 tunc

80 1329 143 1399 illic
153 1354 297 1420 orantes,
306 1353 514 1425 perrexerunt
524 1325 590 1399 sab
597 1335 713 1399 Iericho
726 1329 819 1426 super
829 1331 952 1425 septem
965 1329 1113 1400 milliaria

81 1434 122 1506 ab
142 1433 290 1507 Iordane.
308 1433 353 1506 Ibi
369 1434 562 1532 erumpebat
590 1435 675 1526 fons,
693 1437 750 1532 qui
767 1459 835 1507 erat
859 1435 968 1507 sterilis
993 1437 1027 1506 in
1044 1437 1113 1505 imo

80 1541 325 1631 montis‚&fi1ir
336 1541 455 1611 inutilis
465 1537 664 1629 hominibus,
674 1565 852 1635 antequam
861 1543 1003 1613 veniret‘
1020 1543 1113 1612 Heli·
1217 1585 1231 1610 t

73 1652 145 1742 seur
161 1647 327 1745 propheta
346 1650 380 1717 &
398 1645 606 1718 I'anslificavir
627 1645 727 1718 illum.
752 1646 786 1716 Er
804 1647 917 1743 postea
935 1648 1113 1738 emanavit,

81 1779 177 1850 atque
191 1757 302 1824 omnis
315 1753 427 1823 civitas
440 1752 495 1822 illa
507 1749 667 1848 partiebat
675 1753 767 1824 illum
781 1754 815 1821 in
828 1777 937 1850 agros,
951 1755 983 1822 in
998 1753 1112 1823 hortos

82 1863 164 1932 &in
182 1861 309 1949 omnia,
327 1855 527 1956 ubicumque
544 1858 603 1928 illis
621 1855 834 1930 necessarium
851 1883 930 1950 erat,
958 1861 993 1929 δε
1011 1885 1112 1930 omne

83 1966 172 2062 quod
184 1963 324 2064 irrigats
335 1963 471 2036 illesons
484 1963 660 2036 crescendo
674 1963 804 2061 proficit
814 1964 856 2036 ad
867 1965 1001 2036 salutem
1010 1991 1111 2063 prop-

83 2091 147 2144 τετε
163 2070 455 2144 sanclificationem
469 2070 589 2140 Helisei
602 2070 774 2166 propheta.
796 2070 873 2143 Inde
885 2073 1111 2168 perrexerunt*

83 2179 122 2250 ad
135 2187 342 2274 momfierium
356 2182 463 2250 Sotadi
475 2183 637 2270 Eustachii.
653 2175 733 2248 Illud
745 2178 806 2248 stat
817 2179 850 2250 in
863 2176 976 2249 medio
988 2203 1110 2276 campo

82 2286 159 2358 iuter
176 2286 300 2359 Iericho
318 2289 353 2357 ὅ(
366 2284 544 2356 Ierusalem.

85 2525 195 2594 XVIII.
213 2523 391 2616 Ierusalem:
409 2523 530 2616 ecclefie
541 2521 572 2589 te
584 2544 685 2590 cruces
703 2526 734 2589 in
749 2522 892 2590 Calvorie
904 2522 984 2607 loco,
1001 2527 1105 2592 Irortus

222 2629 438 2723 cumsepulcro
454 2628 628 2697 salvatoris
644 2626 675 2695 o
694 2626 832 2695 mirabili
848 2626 972 2696 domos

127 2809 160 2881 Et
173 2810 253 2882 inde
264 2806 373 2882 venitJ'
389 2809 432 2881 ad
445 2811 605 2906 Ierusalem
618 2810 651 2879 in
664 2807 757 2880 illum
768 2807 894 2898 locum,
908 2805 963 2879 ubi
975 2811 1114 2882 inventa·

84 2916 179 2990 fuerat
198 2918 309 2989 sancia
335 2942 413 2988 crux
429 2917 577 2988 Domini.
596 2913 641 2986 Ibi
664 2914 709 2987 est
730 2938 820 2986 nunc
841 2913 971 2986 ecclesia
992 2917 1028 2987 in
1050 2917 1106 2989 illo

84 3023 164 3115 loco,
189 3025 249 3119 qui
271 3021 390 3094 dicitur
411 3024 555 3094 Calvurie
576 3025 670 3095 locro.
690 3021 725 3094 Et
747 3021 809 3092 hec
830 3021 891 3093 fluit
912 3025 999 3120 prius
1020 3047 1108 3094 extra

86 3131 266 3220 Ierusalem3
291 3127 346 3200 sed
364 3129 502 3211 Helena,
531 3128 667 3224 quando
690 3129 815 3199 invenit
837 3153 980 3220 crucem,
1006 3127 1109 3199 collo·

86 3239 163 3308 cavit
178 3238 270 3309 illum
290 3235 404 3306 Iocum
420 3235 504 3305 intra
528 3235 704 3306 Ierusalem.
729 3234 763 3305 Et
778 3232 825 3306 ibi
841 3236 924 3307 stant
940 3261 1030 3307 nunc
1045 3259 1108 3307 tres

88 3367 189 3416 cruces
201 3345 314 3442 lignee
334 3341 411 3411 soris
428 3342 462 3411 in
480 3341 629 3413 orientali
638 3342 737 3440 plaga
747 3339 888 3435 ecclefie,
898 3343 987 3414 secus
1003 3343 1107 3440 parie-

85 3475 156 3541 tem,
183 3450 226 3522 ad
244 3449 441 3522 memoriam
465 3449 573 3520 lande
591 3449 694 3519 crucis
706 3449 884 3520 Dominice
901 3453 937 3521 ἀ
955 3449 1106 3538 aliorum,

88 3559 138 3651 qui
153 3583 227 3628 cum
244 3581 286 3628 eo
309 3553 453 3626 crucifixi
470 3579 571 3627 erant.
599 3555 653 3626 Illa
669 3579 737 3624 non
764 3556 837 3625 sunt
860 3581 948 3627 nunc
970 3557 1054 3626 intus
1070 3556 1105 3625 in

86 3661 217 3754 ecclesa,
240 3661 296 3734 sed
320 3662 398 3732 soris
416 3663 498 3732 Ilant
516 3660 574 3733 sub
592 3665 678 3732 tello
697 3684 785 3732 extra
802 3659 985 3750 ecclefiam.¹
1009 3660 1045 3731 Iit
1059 3658 1107 3732 ibi

87 3769 165 3840 secus
177 3771 220 3840 est
232 3769 286 3841 ille
298 3767 423 3858 hortus,
436 3769 470 3839 in
484 3793 552 3864 quo
562 3770 807 3862 eratsepulcmm
819 3768 1003 3839 salvatoris.
1025 3766 1105 3838 Illud

88 3875 258 3970 sepulcrum
274 3875 379 3945 suerat
396 3875 429 3944 in
444 3897 534 3968 petra
548 3874 699 3964 excisum,
716 3877 751 3944 ἀ
765 3873 819 3944 illa
833 3896 925 3970 petra
935 3873 994 3944 slat
1010 3875 1105 3970 super

118 4099 139 4133 ι
152 4085 203 4138 Mb.
212 4087 237 4154 ij.
252 4115 284 4125 -
300 4087 322 4138 b.
341 4087 382 4150 tt,
395 4087 423 4138 C.
438 4087 556 4156 deporta·
664 4103 691 4156 g.
712 4088 737 4138 C.
752 4087 815 4154 post.
835 4115 868 4125 -
886 4085 912 4138 h.
933 4087 1000 4152 Mb„
1016 4087 1055 4152 Ic,
1067 4088 1104 4151 C.,

89 4175 173 4214 rerunt.
187 4193 218 4204 -
226 4183 249 4218 c.
261 4167 328 4230 Mu,
338 4167 366 4217 II.
377 4168 514 4234 ponebant.
523 4195 556 4206 -
620 4166 767 4234 pergebant.
785 4193 817 4204 -
829 4163 847 4217 i.
856 4164 950 4218 'Titulus
962 4167 987 4218 d.
1000 4165 1027 4217 r'n
1038 4166 1102 4232 Mb„

87 4237 108 4289 d·
124 4243 236 4312 Made,
252 4242 558 4315 affigebant—eal.
624 4245 661 4308 C.,
684 4245 710 4296 Ρ.
737 4274 769 4284 -
790 4245 811 4311 j.
837 4245 865 4295 C.
892 4257 1022 4298 venerunt.

89 4321 154 4374 venit.
176 4326 244 4378 -1,
260 4327 324 4391 Mb,
342 4327 379 4392 n,
394 4325 419 4378 F.
431 4323 559 4377 humidat.
