3354 5706
508 459 571 530 188
918 465 1113 522 ARCULFUS

502 693 654 790 scopulos
687 690 836 764 incidant
865 715 921 763 aut
952 715 994 761 ne
1024 685 1172 761 vestibuli
1202 686 1341 758 limitem
1371 711 1534 782 nequeant

502 797 792 894 comprehendere.
810 800 891 871 Sunt
904 799 1014 894 itaque
1030 795 1096 867 illic
1116 794 1356 883 ministratores,
1374 818 1432 889 per
1453 819 1535 890 quos

505 899 651 976 subiectis
676 904 812 978 fascibus
835 905 1012 1001 ceterisque
1036 902 1203 1000 lignorum
1227 895 1363 970 struibus
1389 897 1538 972 adoletur

503 1013 599 1111 ignis,
612 1009 700 1108 quafi
714 1037 795 1084 terre
806 1012 1003 1110 pronunciet
1010 1008 1120 1098 inderr,
1135 1003 1381 1105 portuensium⁶
1397 1007 1538 1080 faucium

505 1118 729 1191 demonstrans
743 1117 949 1218 ingrediendi
964 1117 1138 1216 angustias,
1154 1111 1317 1185 undarum
1329 1109 1412 1184 smus
1424 1117 1458 1185 dt
1471 1117 1539 1187 ves·

504 1221 596 1294 tibull
613 1225 787 1318 anstasius,
806 1253 847 1298 ne
864 1225 968 1297 tenuis
985 1224 1095 1294 carina
1111 1221 1306 1318 perstringat
1324 1245 1436 1292 cautes
1454 1224 1490 1293 δι
1507 1225 1539 1293 in

505 1329 576 1427 ipso
598 1331 741 1430 ingressu
767 1335 851 1404 inter
872 1355 1006 1430 opertos
1030 1326 1180 1400 lluslibus
1202 1326 1356 1423 scopulos
1381 1325 1537 1401 offendat.

507 1439 616 1532 ltaque
645 1437 804 1512 direslum
830 1441 958 1511 cursum
984 1435 1145 1534 paulisper
1178 1431 1301 1504 inllecli
1324 1459 1476 1531 oportet,
1502 1463 1542 1508 ne

507 1542 613 1614 cecis⁶
628 1545 707 1617 illisa
723 1546 815 1637 sartis,
830 1543 873 1615 ibi
893 1547 1035 1615 incurrat
1053 1543 1144 1614 navis
1157 1540 1347 1636 periculum.
1365 1543 1543 1641 Angustior

508 1651 645 1722 enimin
663 1677 762 1750 portu
780 1652 885 1724 aditus
907 1652 962 1744 est,
985 1651 1041 1747 qui
1058 1676 1078 1720 a
1095 1647 1208 1720 dextra
1224 1672 1316 1744 parte
1337 1649 1462 1720 laterali
1479 1654 1543 1722 oti·

508 1773 588 1850 tur,‘
604 1785 623 1828 a
645 1758 718 1832 leva
739 1786 817 1832 vero
834 1760 917 1831 latus
935 1758 978 1830 est
994 1779 1119 1854 portus.
1138 1755 1237 1826 Circa
1253 1754 1392 1826 insulam
1409 1781 1544 1854 quoque

507 1865 656 1936 instrucle
690 1867 832 1965 ingentis
862 1863 1095 1964 magnitudinis
1127 1862 1230 1934 moles
1261 1862 1473 1954 deiciuntur,
1504 1890 1544 1934 ne

508 1970 632 2043 affiduo
660 1971 860 2071 adsurgentis
881 1975 1007 2069 impetu
1037 1972 1132 2041 maris
1157 1969 1258 2041 insule
1285 1970 1398 2042 collisa
1424 1969 1546 2042 cedant

509 2077 734 2171 fundamenta,
751 2104 850 2176 atque
862 2077 984 2152 veterid
997 2079 1112 2149 iniuria
1125 2077 1298 2149 solvantur.
1315 2075 1414 2150 Unde
1428 2077 1546 2173 procul

510 2183 612 2256 dubio
635 2185 681 2278 fit,
703 2211 738 2256 ut
760 2189 794 2256 in
812 2185 958 2276 adversa,
982 2189 1065 2258 inter
1089 2182 1236 2256 scabras‘
1256 2209 1352 2281 rupes
1374 2183 1545 2280 molesque

510 2291 668 2387 disruptas
685 2293 806 2364 canalis
824 2293 877 2364 ille
895 2291 1021 2364 medius
1036 2293 1162 2387 semper
1179 2288 1214 2361 srt
1226 2292 1390 2386 inquietus
1404 2293 1440 2362 dt
1456 2293 1544 2364 exas-

512 2421 625 2494 perato
645 2397 775 2470 transitu
792 2399 989 2497 periculosus
1004 2397 1061 2470 fiat
1077 2399 1167 2470 navis
1184 2394 1350 2495 ingressus.

561 2504 755 2601 Amplitudo
788 2531 896 2578 autem
930 2531 1044 2602 portus
1076 2505 1254 2578 stadiorum
1286 2507 1420 2603 triginta
1455 2531 1544 2602 patet

515 2609 728 2701 dimensione,
744 2616 788 2704 ἃ,
807 2615 955 2708 quamvis
973 2615 1115 2685 maxima
1133 2613 1333 2710 tempestate,
1350 2613 1436 2684 intus
1459 2614 1546 2684 tutis·

514 2715 609 2788 fimus
634 2719 677 2790 est
697 2743 809 2814 portus
833 2721 1091 2810 conversatione,
1119 2721 1175 2816 qui
1197 2746 1216 2791 a
1238 2721 1332 2817 supra
1354 2722 1547 2792 memoratis

514 2825 666 2922 angustiis
688 2849 786 2921 atque
806 2823 936 2896 obieslu
957 2825 1058 2897 insule
1083 2852 1103 2896 a
1121 2827 1151 2897 se
1173 2827 1269 2898 maris
1285 2825 1414 2924 repellit
1429 2827 1547 2918 undas,

515 2930 606 3028 quod
626 2957 683 3028 per
703 2931 834 3003 easdem
850 2930 1031 3029 portuensis
1048 2934 1113 3003 oris
1131 2934 1292 3030 angustias
1311 2935 1411 3004 totius
1431 2959 1548 3030 portus

515 3036 701 3108 defenditur
717 3035 800 3109 finus
817 3041 852 3109 δι
869 3036 1079 3111 submovetur
1095 3067 1114 3110 a
1132 3038 1373 3136 tempestatibus
1391 3043 1427 3112 ὅ(
1444 3041 1551 3138 placi·

516 3142 610 3215 datur
628 3171 647 3214 a
664 3142 860 3243 fragoribus,
879 3173 937 3242 per
962 3172 1042 3241 quas
1063 3145 1220 3244 ingressus
1241 3147 1453 3244 exasperatur.
1476 3148 1549 3220 Nec

515 3253 680 3322 immerito
693 3253 728 3321 ἃ
745 3275 890 3324 tutamen
910 3255 945 3323 ἃ
962 3253 1158 3352 magnitudo
1175 3278 1289 3351 portus
1307 3255 1352 3325 est
1369 3255 1544 3346 eiusmodi,

517 3383 593 3428 cum
602 3358 636 3428 in
644 3384 730 3448 eum,
741 3358 855 3454 quead
865 3360 957 3431 usum
967 3362 1065 3432 totius
1079 3359 1189 3433 urbisf
1200 3361 1388 3458 proficiant,
1404 3389 1548 3437 convec-

517 3465 577 3534 tari
590 3463 801 3537 necell'arium
815 3463 858 3537 fit.
877 3466 963 3537 Nam
975 3471 1011 3538 δι
1021 3469 1155 3564 populis
1169 3468 1415 3542 innumerabilis
1432 3497 1548 3544 eorum

516 3570 668 3641 locorum
684 3571 727 3642 ad
751 3573 843 3643 usum
870 3573 967 3645 totius
989 3571 1074 3646 urbis
1096 3599 1253 3671 expetunt
1279 3581 1489 3669 commercia,
1511 3583 1548 3650 ἀ

519 3675 650 3774 frugum
663 3681 754 3776 regio
772 3681 817 3750 est
834 3679 931 3769 ferax,
949 3705 1197 3776 ceterorumque
1210 3705 1292 3753 terre
1307 3709 1481 3756 munerum
1494 3687 1549 3758 vel

519 3786 730 3882 negotiorum
741 3784 922 3878 abundans,
939 3811 1046 3858 totum
1060 3789 1225 3860 frumento
1242 3789 1299 3860 alit
1311 3815 1409 3886 atque
1427 3791 1551 3864 instruit

518 3888 699 3963 necessariis
730 3892 890 3965 mercibus
923 3891 1037 3966 orbem
1062 3919 1224 3968 terrarum.
1251 3895 1317 3968 Cui
1342 3897 1463 3970 scilicet
1491 3900 1549 3972 tali

556 4093 580 4126 a.
602 4074 641 4126 Al.
660 4075 820 4143 protensum,
843 4076 1008 4146 portatums.
1071 4077 1104 4130 as.
1128 4091 1267 4131 ventorum.
1292 4109 1324 4119 --
1347 4099 1368 4132 e.
1385 4081 1424 4134 Sic
1441 4099 1496 4150 egm
1512 4083 1550 4134 as.

522 4185 552 4196 -
563 4156 588 4206 b.
597 4155 678 4219 Beria,
690 4153 758 4207 cesis.
772 4185 804 4196 -
818 4173 841 4208 c.
855 4159 895 4221 G.,
907 4155 942 4210 al.
953 4174 1007 4210 atc-
1068 4159 1191 4228 scrupeas.
1207 4187 1240 4199 -
1261 4159 1279 4212 s.
1292 4163 1332 4214 Ita
1349 4161 1454 4230 corrigit
1469 4163 1505 4230 B.;
1518 4163 1552 4214 7.

523 4245 598 4301 tatur,
608 4245 716 4306 aptatur.
726 4265 759 4275 -
773 4235 798 4289 d.
812 4237 942 4306 Gaddsec.
954 4237 1004 4304 Ilsr
1066 4239 1142 4292 orbis.
1152 4269 1183 4280 -
1193 4258 1219 4311 g.
1231 4243 1336 4294 sermm
1345 4241 1386 4309 B.;
1401 4243 1428 4294 V.
1439 4253 1551 4313 propter.
