3390 5720
318 527 368 578 DE
392 526 496 579 Locis
522 523 814 577 TRANSMARlNlS
840 523 977 574 SACRIS.
1101 527 1160 576 121

120 743 292 804 civitatem
307 763 367 823 que
384 743 445 804 alio
464 758 602 824 tempore
617 761 631 788 ⁶
641 757 749 804 vocata
763 739 806 802 est
820 739 962 818 Samaria,
982 741 1075 802 modo
1094 761 1166 803 vero

121 830 248 892 dicitur
265 830 411 912 Neapoli,
434 833 463 892 in
481 854 541 914 qua
555 847 665 914 puteus
688 829 738 908 est,
758 830 810 891 ubi
825 827 982 892 Dominus
1007 850 1024 889 a
1039 829 1165 891 muliere

121 918 309 980 samaritana
323 941 433 1002 aquam
447 921 543 1002 petiit,
558 919 587 984 ἃ
603 919 642 982 ibi
659 919 738 982 sadla
752 919 794 980 est
808 917 928 982 basilica
940 917 1040 980 Sanni
1053 915 1165 981 lolian-

120 1009 180 1082 nis,
203 1007 237 1069 δι
255 1006 317 1089 ipse
332 1024 441 1089 puteus
456 1007 497 1070 est
519 1025 589 1070 ante
603 1007 757 1069 cancellos
773 1007 882 1084 altaris,
902 1004 1031 1069 &situla
1045 1007 1084 1068 de
1105 1029 1165 1090 qua

120 1098 240 1159 dicitur
264 1096 348 1178 quod
364 1095 521 1160 Dominus
543 1097 662 1173 biberit,
684 1094 713 1159 δι
735 1096 822 1158 multi
845 1096 907 1178 egri
923 1096 964 1157 ibi
980 1097 1107 1157 veniunt
1134 1096 1166 1158 δι

120 1185 278 1246 sanantur.
295 1183 419 1246 Deinde
431 1184 592 1267 [venimus]
609 1185 639 1246 in
651 1185 775 1246 civitate
787 1180 973 1266 Tyberiade,
984 1184 1014 1244 in
1027 1205 1087 1266 qua
1098 1183 1166 1246 sunt

121 1293 220 1336 terme
236 1273 319 1335 salse.
335 1273 419 1336 Nam
430 1295 509 1356 aqua
524 1275 613 1338 maris
629 1271 717 1355 ipsius
734 1271 831 1334 dulcis
847 1270 899 1348 est,
914 1292 974 1354 que
988 1293 1070 1334 mare
1084 1273 1165 1335 circa

122 1365 210 1424 milia
234 1363 301 1446 viij.
321 1362 444 1425 Deinde
465 1364 604 1427 venimus
625 1364 655 1424 iii
672 1363 898 1444 Capharnaum,
919 1363 949 1424 iti
975 1363 1068 1424 domo
1085 1363 1163 1424 beati

123 1451 217 1530 Petri,
240 1473 305 1534 que
326 1451 368 1514 est
390 1454 484 1516 modo
500 1452 626 1516 basilica.
650 1447 726 1513 lnde
742 1450 926 1514 transeuntes
942 1471 994 1532 per
1008 1449 1101 1512 castra
1115 1449 1163 1512 vel

121 1541 209 1602 vicos
231 1539 289 1602 a'ut
310 1540 457 1618 civitates,
479 1541 618 1602 venimus
639 1539 676 1600 ad
699 1539 776 1602 duos
799 1539 907 1616 sonteS,
929 1537 1042 1600 scilicet
1062 1535 1113 1601 lor
1134 1538 1164 1600 δι

124 1627 208 1690 Dan.
233 1628 304 1714 Qui
321 1629 351 1689 in
368 1648 462 1690 unum
483 1627 652 1706 confluunt,
674 1625 869 1690 &vocitatur
883 1624 1030 1690 Iordanis.
1052 1627 1164 1692 Parvus

124 1717 298 1799 ingreditur
318 1717 350 1778 in
371 1737 463 1795 mare,
483 1714 684 1799 &pertransit
699 1733 799 1780 totum
818 1721 908 1782 maris
923 1717 1057 1800 pelagus,
1072 1715 1164 1799 usque

125 1806 185 1868 alio
208 1807 316 1868 littore
336 1805 434 1869 maris.
457 1805 657 1869 Revertentes
677 1807 742 1889 post
763 1829 831 1885 nos,
845 1809 983 1870 venimus
1002 1810 1039 1870 ad
1060 1807 1163 1869 locum

125 1897 176 1958 ubi
191 1893 337 1957 lordanis
351 1896 390 1956 de
405 1895 478 1956 mati
493 1895 655 1997 egreditur,
670 1895 857 1960 transivimus
872 1895 1034 1960 Iordanem
1050 1897 1079 1958 in
1099 1893 1163 1977 ipso

128 1986 211 2063 loco,
232 1985 264 2046 δι
279 1987 420 2048 venimus
435 1987 466 2047 in
488 1985 643 2048 civitatem
666 2006 735 2087 que
741 2003 867 2048 vocatur
882 1985 1039 2062 Gaddera,
1060 1983 1164 2068 que&

130 2073 267 2138 Gabaon
289 2075 410 2136 dicitur.
435 2071 471 2138 In
497 2074 550 2136 illa
572 2091 655 2156 parte
677 2075 808 2138 civitatis
831 2076 961 2139 miliario
984 2075 1077 2138 tercio
1098 2072 1164 2135 sunt

127 2183 206 2246 aque
226 2163 329 2226 calide
348 2185 408 2244 que
428 2163 620 2246 appellantur
639 2182 733 2227 terme
748 2165 858 2248 Helye‚
878 2166 927 2228 ubi
948 2164 1055 2246 leprosi
1074 2146 1161 2225 niun

128 2252 247 2314 dantur.
263 2249 311 2313 lbi
327 2251 357 2314 δι
371 2252 561 2315 sinodocium
575 2251 700 2316 delicias
715 2255 752 2316 de
769 2255 893 2334 publico
909 2254 1032 2330 habens,
1046 2252 1076 2315 δι
1090 2255 1164 2316 liora

126 2341 296 2424 vespertina
322 2341 508 2402 mundantur
532 2357 635 2404 terme.
667 2344 749 2404 Ante
778 2343 874 2426 ipsum
904 2363 976 2406 vero
1007 2342 1163 2404 clibanum

127 2432 240 2511 grande
263 2429 307 2492 est
328 2429 448 2506 solium,
470 2431 521 2512 qui
537 2430 611 2492 dum
634 2432 795 2513 impletum
810 2433 914 2496 omnia
928 2431 1002 2494 ostia
1016 2428 1165 2492 claudun·

128 2533 184 2595 tur,
210 2517 241 2579 ἃ
257 2537 312 2599 per
325 2515 435 2580 ostium
459 2518 622 2580 mittuntur
635 2519 725 2598 intus,
745 2541 817 2582 cum
840 2521 1000 2583 luminaria
1015 2517 1044 2580 δι
1059 2519 1164 2581 incen-

130 2606 191 2668 sum
207 2606 239 2668 δι
254 2605 359 2668 sedent
372 2607 402 2667 in
419 2606 473 2668 illo
489 2606 563 2669 solio
578 2623 643 2670 tota
656 2610 757 2672 nodle.

168 2693 210 2756 Et
228 2695 305 2756 dum
328 2693 457 2776 soporati
480 2695 600 2770 suerint,
623 2696 707 2759 videt
728 2697 779 2760 ille
802 2699 852 2780 qui
875 2700 1038 2761 mundatus
1053 2696 1095 2759 est
1109 2696 1164 2758 ali-

130 2805 220 2867 quam
244 2781 402 2860 visionem,
423 2782 453 2845 &
476 2784 550 2845 dum
572 2805 608 2846 ea
630 2785 811 2864 recitaverit,
826 2807 887 2848 non
904 2787 1088 2848 mundantur
1103 2783 1164 2867 ipse

130 2889 223 2934 terme
246 2891 302 2953 per
322 2871 361 2954 vij
389 2873 462 2936 dies.
490 2869 537 2934 Ibi
562 2893 635 2937 vero
660 2875 822 2938 defunsms
852 2874 894 2937 est
919 2874 1038 2956 collega
1065 2873 1165 2936 noster

132 2959 285 3024 lohannes
302 2894 518 3023 <relucentia
542 2961 626 3024 Nam
640 2961 701 3061 ipse
717 2944 826 3026 lliivius
841 2961 957 3027 calidus
972 2963 1023 3045 qui
1040 2977 1166 3024 vocatur

133 3049 304 3128 Gaddera,
311 3046 465 3112 descendit
488 3065 604 3114 torrens
619 3049 670 3112 &'
663 3067 753 3112 intrat
768 3053 798 3112 in
814 3048 986 3128 Iordanem,
1008 3049 1086 3114 &eii
1101 3050 1164 3133 ipso

134 3138 296 3220 ampliatur
316 3134 454 3202 Iordanis
476 3138 507 3201 ἃ
529 3139 626 3202 maior
648 3139 689 3202 lit.
719 3140 761 3203 Et
782 3157 856 3204 tunc
880 3097 1090 3204 desceiidimus
1112 3161 1165 3221 pet

135 3227 290 3292 Galileam
312 3227 397 3288 iuxta
418 3223 590 3306 lordanem,
614 3228 799 3292 transeuntes
820 3231 931 3294 multas
951 3231 1089 3293 civitates
1104 3249 1164 3310 que

135 3315 285 3399 leguntur,
299 3318 440 3381 venimus
456 3319 486 3379 in
502 3319 626 3380 civitate
642 3319 804 3401 metropoli
821 3319 945 3383 Galilee
965 3342 1025 3404 que
1039 3332 1166 3382 vocatur

133 3405 306 3488 Scitopolis,
327 3408 358 3469 in
374 3424 479 3470 monte
495 3405 600 3490 posita,
623 3408 673 3470 ubi
690 3407 808 3472 sandius
822 3425 966 3490 operatur
981 3409 1090 3472 multas
1105 3407 1165 3469 vir-

133 3507 216 3558 tutes.
233 3495 356 3558 Exinde
372 3495 582 3560 descendimus
599 3517 651 3578 pet
666 3497 724 3558 alia
744 3497 812 3558 loca
825 3497 955 3560 Samarie
974 3497 1004 3559 δι
1018 3495 1113 3559 ludee
1132 3497 1163 3557 in

133 3579 251 3645 civitate
269 3583 418 3662 Sebastea,
438 3585 467 3646 in
488 3607 547 3668 qua
567 3584 726 3667 requiescit
747 3585 894 3668 Helyseus
914 3587 1070 3668 propheta.
1087 3583 1164 3648 Des-

132 3670 295 3736 cendentes
311 3694 364 3754 per
377 3673 555 3756 campestria
582 3674 720 3736 civitates
743 3673 790 3736 vel
810 3675 895 3738 vicos
911 3675 1165 3736 Samaritanorum

136 3753 163 3816 ἃ
185 3758 310 3839 plateas,
328 3763 409 3824 unde
424 3761 622 3826 transivimus.
644 3762 812 3825 Venientes
835 3761 899 3844 post
914 3784 971 3826 nos
992 3759 1079 3824 Iudei
1094 3781 1165 3824 cum

136 3845 218 3924 paliis
238 3848 364 3932 vestigia
385 3851 484 3914 nostra
502 3853 710 3928 incendentes,
734 3867 817 3912 tanta
835 3849 877 3912 est
892 3849 951 3912 illis
966 3851 1117 3913 execratio
1132 3866 1166 3911 ut

135 3937 181 3997 vix
195 3937 373 4002 Christianis
396 3943 520 4023 quidem
543 3939 716 4022 responsum
730 3941 854 4002 faciunt.
871 3941 1017 4002 Attamen
1034 3956 1068 4002 ut
1081 3940 1164 4023 quod

133 4023 167 4085 ab
182 4024 240 4090 illis
254 4049 359 4090 emere
374 4031 429 4108 vis,
444 4052 507 4092 non
524 4048 628 4113 tangas
641 4031 723 4112 prius
739 4049 830 4112 quam
840 4029 976 4111 precium
991 4029 1053 4091 des.
1067 4025 1164 4112 Quod

133 4107 151 4170 si
164 4113 297 4196 tetigeris
312 4115 415 4179 &non
426 4117 664 4198 comparaveris,
678 4137 750 4178 mox
769 4115 1060 4178 scandalizabuntur.
1081 4115 1166 4178 Nam

135 4198 202 4264 soris
229 4206 300 4268 vico
319 4205 433 4268 habent
456 4207 611 4270 condoma
637 4227 697 4268 una
718 4203 828 4288 posita,
855 4206 906 4288 qui
938 4203 1028 4286 ipsius
1052 4203 1166 4267 faciunt

171 4397 191 4432 a.
209 4382 252 4433 Vel
263 4382 372 4436 nomine.

1040 4507 1068 4556 i6
