3446 5706
453 1251 742 1371 QUALITER
774 1250 899 1341 SITA
934 1253 1030 1342 EST

299 1555 651 1684 clunis
702 1558 1183 1685 mammen

329 2490 517 2604 “QQJN
546 2488 683 2558 nomine
712 2487 851 2558 Domini
889 2486 987 2557 nostri
1024 2487 1089 2558 lesu
1120 2487 1249 2559 Christi.

327 2598 341 2683 ᾖ
375 2596 409 2689 ff
427 2580 468 2689 'rit
486 2596 699 2692 Quicumque
728 2591 771 2664 ad
796 2596 956 2687 Ierusalem
979 2594 1144 2666 civitatem
1161 2595 1252 2667 sanc·

238 2690 342 2811 ‘'173¹''
375 2688 469 2829 &Q
486 2727 554 2774 tam
566 2701 612 2771 ire
628 2699 777 2790 voluerit,
795 2699 923 2795 semper
934 2698 977 2770 ad
990 2699 1064 2770 solis
1078 2725 1188 2774 ortum
1200 2703 1250 2772 in-

240 2916 242 2919 ’
344 2910 464 2981 ,ηυξ
484 2917 645 3008 Ierusalem
658 2915 775 2986 veniet.
788 2909 841 2983 Ab
854 2911 1053 2985 occidentali
1065 2939 1145 2986 vero
1157 2939 1251 3011 parte

220 3050 305 3093 mons
324 3027 439 3112 Gaudlj
455 3023 652 3121 conspicitur
669 3020 873 3118 conspicuus.
894 3023 1007 3116 liquo
1021 3045 1136 3092 monte
1148 3046 1251 3092 unum
1280 3035 1348 3082 Moru
1361 3031 1452 3094 Gaurij.

220 3129 393 3201 miliarium
416 3130 516 3223 usque
539 3127 583 3200 ad
604 3129 780 3200 civitatem.
800 3126 854 3199 hd
876 3129 1048 3199 introitum
1067 3154 1147 3200 vero
1173 3130 1251 3202 civi-

220 3237 293 3308 tatis
309 3242 405 3308 turris
426 3240 534 3308 David
554 3233 691 3308 habetur
717 3235 819 3306 sortis.
843 3234 1022 3330 Templum
1038 3259 1117 3307 vero
1144 3239 1252 3306 saneti
1279 3241 1449 3290 rummare.

218 3345 380 3439 Sepulchri
397 3343 441 3414 est
458 3341 638 3414 rotundum
653 3344 689 3413 &
705 3342 800 3438 super
816 3343 971 3413 Sanelum
984 3339 1200 3439 Sepulchrum
1216 3342 1251 3412 in
1284 3359 1307 3406 s.
1318 3359 1472 3422 Sepulchrum.

218 3449 404 3522 summitate
434 3451 548 3548 templi
575 3452 725 3522 foramen
754 3448 944 3520 rotundum.
976 3452 1008 3518 ln
1032 3447 1143 3520 medio
1173 3475 1251 3521 vero

219 3556 335 3654 templi
346 3558 389 3629 est
400 3559 613 3656 Sepulchrum
625 3559 764 3631 Domini
772 3558 872 3630 nostri
887 3557 951 3627 lesu
961 3555 1088 3627 Christi.
1102 3557 1253 3629 Similiter

218 3663 400 3736 rotundum
427 3664 470 3738 de
496 3667 586 3755 foris,
618 3668 705 3738 intus
726 3689 836 3736 autem
860 3661 1058 3759 quadratum
1075 3665 1248 3736 invenitur.

220 3777 254 3843 ln
270 3773 404 3844 introitu
428 3799 508 3846 vero
530 3775 574 3844 est
589 3798 686 3872 porta
710 3771 868 3863 australis3
894 3772 929 3840 in
951 3769 1148 3841 occidentali
1171 3797 1250 3845 vero

217 3903 310 3974 parte
323 3880 397 3970 alia,
415 3879 507 3952 &ad
525 3879 695 3953 meridiem
712 3903 809 3976 porta
820 3879 893 3950 alia.
913 3878 968 3948 Per
985 3877 1155 3950 australem
1171 3905 1250 3952 vero

217 4011 349 4085 portam
365 3989 487 4060 intrant
503 3987 665 4076 homines,
683 3989 719 4058 &
736 4011 793 4084 per
810 3985 908 4057 aliam
924 4009 1059 4083 portam
1071 3985 1249 4082 Sepulchri,

218 4119 283 4192 que
299 4093 368 4166 sola
385 4095 439 4187 esi
469 4096 603 4166 intratur
620 4097 718 4184 intus,
741 4096 855 4189 &per
879 4117 1012 4189 portam
1034 4091 1250 4164 meridianam

218 4227 337 4274 exeunt
357 4202 452 4298 supra
478 4203 546 4273 iam
571 4201 649 4273 diesi
670 4202 832 4274 homines.
866 4205 900 4271 ln
922 4200 1072 4272 orientali
1092 4223 1183 4297 parte
1205 4198 1250 4270 est

219 4306 346 4380 medius
367 4306 518 4381 mundus.
546 4307 623 4380 lnde
645 4333 714 4379 non
737 4307 840 4405 longe
857 4306 900 4380 ad
926 4308 1087 4380 orientem
1104 4306 1148 4378 est
1165 4334 1250 4378 mons

219 4418 375 4507 calvarie,
391 4417 426 4487 in
444 4440 512 4514 quo
531 4417 697 4488 Dominus
710 4411 878 4486 crucifixus
895 4415 958 4508 est3
974 4412 1033 4485 sub
1050 4439 1119 4511 quo
1133 4437 1247 4486 monte
1261 4437 1328 4486 uon
1340 4438 1446 4486 carane.
