3354 5706
457 544 508 598 on
533 545 638 598 tocts
662 543 830 597 snucrrs.
1061 545 1124 626 ¹45

75 761 304 860 ablutamque
323 762 366 836 ab
383 762 588 836 inmunditiis
609 763 698 836 lieria
724 765 803 838 facit
825 791 908 838 eam.
934 766 1022 838 Nam
1049 765 1128 836 Hie·

78 871 332 944 rosolimitanus
358 873 425 969 ipse
455 870 528 943 situs
553 899 574 942 a
599 873 772 970 supercilio
799 873 980 969 aquilonali
1007 873 1129 944 montis

78 980 161 1049 Sion
188 980 369 1075 incipiens,
390 980 436 1050 ita
458 979 557 1051 estin
580 978 707 1052 altola
733 979 908 1052 conditore
925 981 1000 1052 Deo
1019 978 1128 1076 dispo·

80 1082 157 1155 situs
182 1084 331 1158 declivio
355 1086 455 1182 usque
483 1085 528 1157 ad
552 1086 728 1159 humiliora
754 1087 992 1183 aquilonalium
1013 1087 1129 1157 orien-

78 1193 274 1289 taliumque
303 1219 474 1266 murorum
490 1193 586 1286 loca,
614 1218 650 1264 ut
674 1193 728 1266 illa
751 1194 901 1290 pluvialis
921 1191 1131 1266 exuberantia

80 1301 174 1372 nullo
198 1299 310 1371 modo
336 1302 370 1372 in
393 1302 518 1398 plateis,
545 1301 766 1397 stagnantium
788 1327 949 1397 aquarum
968 1302 1003 1372 in
1024 1297 1131 1372 hmili-

80 1405 253 1500 tudinem,
285 1406 490 1504 superl'edere
519 1408 627 1505 poffit,
658 1407 725 1500 sed,
754 1409 851 1480 instar
876 1405 1063 1498 fluviorum,
1088 1406 1130 1479 de

83 1513 310 1610 superioribus
339 1512 382 1588 ad
413 1515 568 1586 inferiora
601 1514 766 1587 decurrat:
798 1541 862 1610 que
896 1515 1014 1587 scilicet
1046 1514 1131 1586 cele·

83 1622 181 1695 stium
199 1650 364 1720 aquarum
385 1622 572 1713 inundati0,
590 1648 649 1720 per
663 1617 836 1694 orientales
850 1619 1002 1693 influens⁶
1018 1645 1131 1719 portas

82 1733 117 1800 δε
152 1732 282 1802 omnia
311 1732 421 1801 secum
452 1729 634 1802 stercoralia
664 1729 814 1802 auferens
843 1727 1127 1817 abominamenta,

84 1839 208 1910 vallem
238 1837 390 1936 lolaphat
412 1839 547 1928 intrans,
573 1861 752 1909 torrentem
779 1835 918 1908 Cedron
951 1860 1062 1934 auget:
1096 1839 1132 1907 ἃ

84 1943 184 2041 postd
201 1945 306 2018 talem
324 1943 659 2036 Hierol'olymitanam
678 1941 937 2046 baptiaationem
959 1946 1131 2016 continua·

88 2053 145 2122 tim
165 2049 292 2124 eadem
309 2051 457 2147 pluvialis
475 2047 706 2122 exuberantia‘
722 2047 830 2122 cellar.
849 2051 938 2122 l·linc
957 2077 1037 2149 ergo
1055 2076 1126 2122 non

88 2158 300 2256 negligenter
323 2156 555 2229 adnotandum
576 2159 632 2246 est,
649 2158 764 2253 quanti
788 2156 842 2228 vel
867 2157 970 2254 qualis
996 2157 1131 2231 honoris

89 2265 148 2337 hec
172 2266 294 2337 leledla
317 2267 351 2336 ἃ
376 2262 583 2362 predicabilis
608 2266 721 2337 civitas
747 2265 782 2335 in
808 2266 986 2362 conspetlu
1008 2265 1138 2338 eternis

91 2373 251 2469 genitoris
278 2369 447 2463 habeatur,
476 2372 533 2467 qui
561 2398 636 2444 eam
661 2369 829 2443 sordidam
854 2370 973 2443 diutius
999 2397 1132 2446 manere

92 2503 158 2550 non
170 2480 308 2576 patitur,
323 2477 390 2569 sed,
406 2476 451 2550 ob
464 2479 532 2549 eius
549 2480 711 2576 unigeniti
724 2477 1023 2572 honorificentiam,
1040 2482 1133 2552 citius

92 2611 164 2656 eam
177 2583 350 2678 emundat,
369 2587 446 2680 quia
469 2587 554 2655 intra
571 2611 743 2656 murorum
761 2589 827 2656 eius
845 2583 1007 2657 ambitum
1023 2587 1133 2660 l'andle

93 2694 194 2762 crucis
212 2695 249 2763 δι
265 2692 505 2764 resurrefflonis
519 2687 615 2787 ipsius
631 2693 708 2764 loca
726 2689 826 2764 habet
843 2691 1072 2765 honorificata.

139 2799 301 2871 Ceterum
318 2799 353 2870 in
374 2797 432 2870 illo
449 2797 599 2869 famosos
618 2799 708 2888 loco,
731 2796 786 2870 ubi
803 2797 977 2894 quondam
991 2803 1133 2894 templum

95 2905 272 3004 magnifice
285 2905 507 2976 construelum
520 2905 635 2996 fuerat,
651 2907 686 2976 in
700 2906 820 2976 vicinia
830 2898 933 2976 muri*
950 2903 993 2978 ab
1008 2908 1134 2978 oriente

95 3011 253 3104 locatum,
267 3036 357 3084 nunc
369 3011 534 3084 Sarraceni
548 3010 810 3110 quadrangulam
826 3013 985 3085 orationis
1001 3017 1132 3103 domum,

97 3143 196 3214 quam
219 3117 376 3190 subreflis
402 3115 518 3190 tabulis
543 3121 578 3190 &
603 3120 732 3216 magnis
759 3116 902 3192 trabibus
923 3119 1018 3216 super
1041 3121 1133 3216 quas·

98 3224 173 3296 dam
195 3227 365 3298 ruinarum
383 3225 534 3320 reliquias
561 3226 793 3316 construentes,
819 3226 875 3297 vili
892 3223 1041 3299 fabricati
1062 3228 1136 3299 sunt

99 3357 206 3428 opere,
235 3328 294 3429 ipsi
321 3332 545 3427 frequentant:
572 3357 637 3428 que
661 3333 773 3428 utique
796 3331 916 3404 domus
938 3335 999 3405 tria
1028 3333 1135 3405 homi-

100 3465 176 3509 num
192 3439 296 3510 millia
311 3435 415 3530 simul,
433 3463 468 3510 ut
482 3441 591 3530 fertur,
610 3463 726 3536 capere
743 3439 861 3535 potest.

146 3545 297 3616 Arculfus
321 3545 430 3640 itaque
453 3543 495 3616 de
519 3543 615 3641 ipsius
633 3545 770 3617 civitatis
787 3544 978 3618 habitaculis
1001 3544 1136 3619 anobis

100 3653 315 3750 interrogatus
342 3649 556 3748 respondens,
583 3653 647 3724 ait:
670 3651 820 3723 Memini?
845 3656 955 3725 me&
970 3651 1085 3726 vidiffe
1101 3658 1138 3725 δι

38 3819 44 3832 .
103 3755 317 3854 hequentalle
342 3758 446 3829 multa
476 3756 621 3830 eiusdem
646 3758 783 3828 civitatis
808 3757 951 3851 edificia,
965 3760 1137 3855 plurimas-

103 3889 164 3960 que
187 3869 293 3938 domos
317 3868 460 3960 grandes,
483 3863 641 3962 lapideas,
667 3889 726 3960 pet
745 3888 851 3936 totam
875 3891 1035 3964 magnam
1060 3868 1137 3938 civi·

140 4107 161 4140 a.
170 4089 208 4142 ΔΙ.
216 4089 268 4142 fieri
278 4107 323 4144 m.
333 4119 367 4130 -
377 4091 401 4142 b.
412 4089 491 4156 1..,at.
500 4090 583 4144 molle.
648 4089 683 4143 cis
692 4092 724 4143 δι.
733 4121 760 4130 —
770 4088 840 4159 gill.
849 4087 966 4141 formoso.
978 4089 1041 4140 —h.
1049 4089 1138 4152 Mal,

108 4169 216 4222 -cdl
228 4169 382 4224 interfluens.
394 4199 428 4210 -
442 4171 585 4224 diaetam
649 4173 695 4237 G.,
712 4169 794 4238 Grets.
813 4187 872 4234 om
896 4169 970 4222 Bere.
990 4185 1078 4238 nuper.
1101 4197 1133 4207 -

106 4248 139 4312 u,
153 4251 188 4314 7,
201 4251 240 4315 R,
249 4253 292 4304 ob.
307 4279 339 4290 -
359 4269 380 4304 e.
395 4249 434 4304 ΑΙ.
450 4249 585 4302 fluminalis
648 4247 663 4302 i.
678 4251 704 4302 L.
724 4247 872 4304 meminill'e.

108 4329 254 4383 exuberatio.
275 4359 308 4370 -
331 4329 401 4395 lu,
420 4331 458 4394 V,
476 4333 504 4382 R.
523 4329 586 4382 iudi·
