<?xml version="1.0" encoding="UTF-8"?>
<!DOCTYPE html PUBLIC "-//W3C//DTD XHTML 1.0 Transitional//EN"
    "http://www.w3.org/TR/xhtml1/DTD/xhtml1-transitional.dtd">
<html xmlns="http://www.w3.org/1999/xhtml" xml:lang="en" lang="en">
 <head>
  <title>
</title>
<meta http-equiv="Content-Type" content="text/html;charset=utf-8" />
  <meta name='ocr-system' content='tesseract 3.04.00' />
  <meta name='ocr-capabilities' content='ocr_page ocr_carea ocr_par ocr_line ocrx_word'/>
</head>
<body>
  <div class='ocr_page' id='page_1' title='image "./itinerahierosol00berngoog_0524.png"; bbox 0 0 3434 5704; ppageno 0'>
   <div class='ocr_carea' id='block_1_1' title="bbox 665 549 1232 664">
    <p class='ocr_par' dir='ltr' id='par_1_1' title="bbox 665 549 1232 664">
     <span class='ocr_line' id='line_1_1' title="bbox 665 549 1232 664; baseline 0.011 -6"><span class='ocrx_word' id='word_1_1' title='bbox 665 566 746 662; x_wconf 85' lang='lat'>(79)</span> <span class='ocrx_word' id='word_1_2' title='bbox 994 549 997 554; x_wconf 66' lang='grc'><strong>’</strong></span> <span class='ocrx_word' id='word_1_3' title='bbox 1209 576 1232 664; x_wconf 81' lang='lat'><em>9&#39;</em></span> 
     </span>
    </p>
   </div>
   <div class='ocr_carea' id='block_1_2' title="bbox 131 794 1239 2247">
    <p class='ocr_par' dir='ltr' id='par_1_2' title="bbox 191 794 1235 1273">
     <span class='ocr_line' id='line_1_2' title="bbox 191 794 1234 880; baseline 0.002 -23"><span class='ocrx_word' id='word_1_4' title='bbox 191 797 287 880; x_wconf 83' lang='lat' dir='ltr'><em>fama</em></span> <span class='ocrx_word' id='word_1_5' title='bbox 301 794 372 857; x_wconf 85' lang='lat' dir='ltr'><em>nibil</em></span> <span class='ocrx_word' id='word_1_6' title='bbox 385 795 414 857; x_wconf 89' lang='lat' dir='ltr'><em>in</em></span> <span class='ocrx_word' id='word_1_7' title='bbox 436 819 464 857; x_wconf 91' lang='lat' dir='ltr'><em>eo</em></span> <span class='ocrx_word' id='word_1_8' title='bbox 476 796 572 878; x_wconf 82' lang='lat' dir='ltr'><em>mergi.</em></span> <span class='ocrx_word' id='word_1_9' title='bbox 588 795 771 877; x_wconf 87' lang='lat' dir='ltr'><em>Longitudine</em></span> <span class='ocrx_word' id='word_1_10' title='bbox 785 796 910 858; x_wconf 86' lang='lat' dir='ltr'><em>exceditc</em></span> <span class='ocrx_word' id='word_1_11' title='bbox 927 819 962 858; x_wconf 88' lang='lat' dir='ltr'><em>m.</em></span> <span class='ocrx_word' id='word_1_12' title='bbox 977 796 1122 879; x_wconf 85' lang='lat' dir='ltr'><em>paffieum,</em></span> <span class='ocrx_word' id='word_1_13' title='bbox 1136 798 1234 859; x_wconf 86' lang='lat' dir='ltr'><em>latitu-</em></span> 
     </span>
     <span class='ocr_line' id='line_1_3' title="bbox 201 889 1235 979; baseline 0.002 -23"><span class='ocrx_word' id='word_1_14' title='bbox 201 893 265 956; x_wconf 89' lang='lat' dir='ltr'><em>dine</em></span> <span class='ocrx_word' id='word_1_15' title='bbox 278 895 405 956; x_wconf 86' lang='lat' dir='ltr'><em>maximo</em></span> <span class='ocrx_word' id='word_1_16' title='bbox 422 893 494 956; x_wconf 80' lang='lat' dir='ltr'><em>lxxv</em></span> <span class='ocrx_word' id='word_1_17' title='bbox 511 893 607 974; x_wconf 84' lang='lat' dir='ltr'><em>inplet,</em></span> <span class='ocrx_word' id='word_1_18' title='bbox 624 893 740 956; x_wconf 90' lang='lat' dir='ltr'><em>minima</em></span> <span class='ocrx_word' id='word_1_19' title='bbox 764 895 798 974; x_wconf 90' lang='lat' dir='ltr'><em>vj</em></span> <span class='ocrx_word' id='word_1_20' title='bbox 801 923 814 965; x_wconf 89' lang='lat'><em>,·</em></span> <span class='ocrx_word' id='word_1_21' title='bbox 831 889 967 979; x_wconf 79' lang='lat' dir='ltr'><em>prospicit</em></span> <span class='ocrx_word' id='word_1_22' title='bbox 991 917 1051 956; x_wconf 90' lang='lat' dir='ltr'><em>eum</em></span> <span class='ocrx_word' id='word_1_23' title='bbox 1076 897 1111 956; x_wconf 91' lang='lat' dir='ltr'><em>ab</em></span> <span class='ocrx_word' id='word_1_24' title='bbox 1135 895 1235 958; x_wconf 87' lang='lat' dir='ltr'><em>oriente</em></span> 
     </span>
     <span class='ocr_line' id='line_1_4' title="bbox 202 989 1235 1077; baseline 0.003 -26"><span class='ocrx_word' id='word_1_25' title='bbox 202 989 319 1052; x_wconf 87' lang='lat' dir='ltr'><em>Arabia</em></span> <span class='ocrx_word' id='word_1_26' title='bbox 333 990 524 1071; x_wconf 84' lang='lat' dir='ltr'>Nomadum,</span> <span class='ocrx_word' id='word_1_27' title='bbox 536 1015 554 1053; x_wconf 90' lang='lat' dir='ltr'><em>a</em></span> <span class='ocrx_word' id='word_1_28' title='bbox 568 991 681 1054; x_wconf 87' lang='lat' dir='ltr'><em>meridie</em></span> <span class='ocrx_word' id='word_1_29' title='bbox 694 990 878 1069; x_wconf 73' lang='lat' dir='ltr'><em>Machaerus,</em></span> <span class='ocrx_word' id='word_1_30' title='bbox 884 991 1014 1077; x_wconf 86' lang='lat' dir='ltr'><em>secunda</em></span> <span class='ocrx_word' id='word_1_31' title='bbox 1026 992 1162 1072; x_wconf 90' lang='lat' dir='ltr'><em>quondam</em></span> <span class='ocrx_word' id='word_1_32' title='bbox 1178 1016 1235 1054; x_wconf 83' lang='lat' dir='ltr'><em>arx</em></span> 
     </span>
     <span class='ocr_line' id='line_1_5' title="bbox 204 1087 1235 1176; baseline 0.003 -28"><span class='ocrx_word' id='word_1_33' title='bbox 204 1087 313 1148; x_wconf 84' lang='lat' dir='ltr'><em>ludaeae</em></span> <span class='ocrx_word' id='word_1_34' title='bbox 324 1088 360 1148; x_wconf 89' lang='lat' dir='ltr'><em>ab</em></span> <span class='ocrx_word' id='word_1_35' title='bbox 370 1087 586 1174; x_wconf 84' lang='lat' dir='ltr'><em>Hierosolymis,·</em></span> <span class='ocrx_word' id='word_1_36' title='bbox 600 1089 689 1150; x_wconf 90' lang='lat' dir='ltr'><em>eodem</em></span> <span class='ocrx_word' id='word_1_37' title='bbox 699 1089 787 1151; x_wconf 86' lang='lat' dir='ltr'><em>latere</em></span> <span class='ocrx_word' id='word_1_38' title='bbox 798 1092 837 1167; x_wconf 82' lang='lat' dir='ltr'><em>est</em></span> <span class='ocrx_word' id='word_1_39' title='bbox 845 1091 1023 1174; x_wconf 87' lang='lat' dir='ltr'><em>calidussons</em></span> <span class='ocrx_word' id='word_1_40' title='bbox 1031 1089 1235 1176; x_wconf 84' lang='lat' dir='ltr'><em>medi&#39;caesolu·</em></span> 
     </span>
     <span class='ocr_line' id='line_1_6' title="bbox 204 1183 1170 1273; baseline 0.004 -27"><span class='ocrx_word' id='word_1_41' title='bbox 204 1185 314 1246; x_wconf 88' lang='lat' dir='ltr'><em>britatis</em></span> <span class='ocrx_word' id='word_1_42' title='bbox 328 1183 511 1265; x_wconf 84' lang='lat' dir='ltr'>Callirrhoe,</span> <span class='ocrx_word' id='word_1_43' title='bbox 525 1209 668 1267; x_wconf 87' lang='lat' dir='ltr'><em>aquarum</em></span> <span class='ocrx_word' id='word_1_44' title='bbox 678 1187 801 1268; x_wconf 84' lang='lat' dir='ltr'><em>gloriam</em></span> <span class='ocrx_word' id='word_1_45' title='bbox 815 1188 873 1273; x_wconf 72' lang='lat' dir='ltr'><em>ipso</em></span> <span class='ocrx_word' id='word_1_46' title='bbox 887 1189 992 1250; x_wconf 88' lang='lat' dir='ltr'><em>nomine</em></span> <span class='ocrx_word' id='word_1_47' title='bbox 1001 1188 1170 1272; x_wconf 65' lang='lat' dir='ltr'><em>praeferens.</em></span> 
     </span>
    </p>

    <p class='ocr_par' dir='ltr' id='par_1_3' title="bbox 131 1277 1239 2247">
     <span class='ocr_line' id='line_1_7' title="bbox 246 1277 1237 1368; baseline 0.005 -26"><span class='ocrx_word' id='word_1_48' title='bbox 246 1299 290 1362; x_wconf 89' lang='lat'><em>17.</em></span> <span class='ocrx_word' id='word_1_49' title='bbox 312 1278 354 1342; x_wconf 83' lang='lat' dir='ltr'><em>Ab</em></span> <span class='ocrx_word' id='word_1_50' title='bbox 377 1279 507 1344; x_wconf 86' lang='lat' dir='ltr'><em>occidente</em></span> <span class='ocrx_word' id='word_1_51' title='bbox 526 1281 611 1344; x_wconf 86' lang='lat' dir='ltr'><em>litora</em></span> <span class='ocrx_word' id='word_1_52' title='bbox 630 1277 730 1344; x_wconf 80' lang='lat' dir='ltr'><em>Esseni</em></span> <span class='ocrx_word' id='word_1_53' title='bbox 748 1284 867 1366; x_wconf 81' lang='lat' dir='ltr'><em>fugiunt</em></span> <span class='ocrx_word' id='word_1_54' title='bbox 886 1285 1027 1368; x_wconf 73' lang='lat' dir='ltr'><em>usquequo</em></span> <span class='ocrx_word' id='word_1_55' title='bbox 1050 1298 1152 1363; x_wconf 91' lang='lat' dir='ltr'><em>nocent,</em></span> <span class='ocrx_word' id='word_1_56' title='bbox 1168 1307 1237 1368; x_wconf 86' lang='lat' dir='ltr'><em>gens</em></span> 
     </span>
     <span class='ocr_line' id='line_1_8' title="bbox 196 1376 1237 1467; baseline 0.001 -27"><span class='ocrx_word' id='word_1_57' title='bbox 196 1376 276 1467; x_wconf 82' lang='lat' dir='ltr'><em>sola,</em></span> <span class='ocrx_word' id='word_1_58' title='bbox 287 1381 321 1442; x_wconf 67' lang='lat' dir='ltr'><em>&amp;l</em></span> <span class='ocrx_word' id='word_1_59' title='bbox 334 1379 363 1440; x_wconf 88' lang='lat' dir='ltr'><em>in</em></span> <span class='ocrx_word' id='word_1_60' title='bbox 378 1391 428 1440; x_wconf 90' lang='lat' dir='ltr'><em>toto</em></span> <span class='ocrx_word' id='word_1_61' title='bbox 448 1380 511 1441; x_wconf 88' lang='lat' dir='ltr'><em>orbe</em></span> <span class='ocrx_word' id='word_1_62' title='bbox 521 1392 631 1462; x_wconf 76' lang='lat' dir='ltr'><em>prater</em></span> <span class='ocrx_word' id='word_1_63' title='bbox 650 1392 754 1440; x_wconf 87' lang='lat' dir='ltr'><em>ceteras</em></span> <span class='ocrx_word' id='word_1_64' title='bbox 767 1381 853 1458; x_wconf 89' lang='lat' dir='ltr'><em>mira,</em></span> <span class='ocrx_word' id='word_1_65' title='bbox 864 1381 928 1464; x_wconf 79' lang='lat' dir='ltr'><em>stne</em></span> <span class='ocrx_word' id='word_1_66' title='bbox 948 1381 1010 1445; x_wconf 91' lang='lat' dir='ltr'><em>ullo</em></span> <span class='ocrx_word' id='word_1_67' title='bbox 1021 1381 1146 1464; x_wconf 84' lang='lat' dir='ltr'><em>semina,</em></span> <span class='ocrx_word' id='word_1_68' title='bbox 1164 1381 1237 1442; x_wconf 89' lang='lat' dir='ltr'><em>omni</em></span> 
     </span>
     <span class='ocr_line' id='line_1_9' title="bbox 204 1475 1237 1566; baseline 0 -26"><span class='ocrx_word' id='word_1_69' title='bbox 204 1499 307 1549; x_wconf 79' lang='lat' dir='ltr'><em>venere</em></span> <span class='ocrx_word' id='word_1_70' title='bbox 321 1476 461 1556; x_wconf 86' lang='lat' dir='ltr'><em>abdicata,</em></span> <span class='ocrx_word' id='word_1_71' title='bbox 469 1475 533 1562; x_wconf 83' lang='lat' dir='ltr'><em>stne</em></span> <span class='ocrx_word' id='word_1_72' title='bbox 542 1477 672 1560; x_wconf 86' lang='lat' dir='ltr'><em>pecunia,</em></span> <span class='ocrx_word' id='word_1_73' title='bbox 674 1477 755 1566; x_wconf 86' lang='lat' dir='ltr'><em>socia</em></span> <span class='ocrx_word' id='word_1_74' title='bbox 768 1477 946 1558; x_wconf 88' lang='lat' dir='ltr'><em>palmarum.</em></span> <span class='ocrx_word' id='word_1_75' title='bbox 969 1479 1004 1540; x_wconf 92' lang='lat' dir='ltr'><em>ln</em></span> <span class='ocrx_word' id='word_1_76' title='bbox 1023 1480 1093 1541; x_wconf 84' lang='lat' dir='ltr'><em>diem</em></span> <span class='ocrx_word' id='word_1_77' title='bbox 1113 1503 1145 1542; x_wconf 78' lang='lat' dir='ltr'><em>ex</em></span> <span class='ocrx_word' id='word_1_78' title='bbox 1159 1501 1237 1559; x_wconf 82' lang='lat' dir='ltr'><em>aequo</em></span> 
     </span>
     <span class='ocr_line' id='line_1_10' title="bbox 204 1567 1236 1662; baseline 0.001 -25"><span class='ocrx_word' id='word_1_79' title='bbox 204 1597 393 1637; x_wconf 81' lang='lat' dir='ltr'><em>convenarum</em></span> <span class='ocrx_word' id='word_1_80' title='bbox 417 1567 504 1636; x_wconf 87' lang='lat' dir='ltr'><em>turbo</em></span> <span class='ocrx_word' id='word_1_81' title='bbox 528 1574 688 1662; x_wconf 81' lang='lat' dir='ltr'><em>renascitur</em></span> <span class='ocrx_word' id='word_1_82' title='bbox 713 1574 795 1657; x_wconf 84' lang='lat' dir='ltr'><em>lorge</em></span> <span class='ocrx_word' id='word_1_83' title='bbox 809 1576 1069 1659; x_wconf 84' lang='lat' dir='ltr'><em>frequentantibus,</em></span> <span class='ocrx_word' id='word_1_84' title='bbox 1090 1599 1152 1657; x_wconf 88' lang='lat' dir='ltr'><em>quos</em></span> <span class='ocrx_word' id='word_1_85' title='bbox 1173 1576 1236 1638; x_wconf 88' lang='lat' dir='ltr'><em>vito</em></span> 
     </span>
     <span class='ocr_line' id='line_1_11' title="bbox 195 1671 1237 1758; baseline 0.001 -23"><span class='ocrx_word' id='word_1_86' title='bbox 195 1672 288 1758; x_wconf 74' lang='lat' dir='ltr'><em>seffor</em></span> <span class='ocrx_word' id='word_1_87' title='bbox 302 1673 343 1735; x_wconf 90' lang='lat' dir='ltr'><em>ad</em></span> <span class='ocrx_word' id='word_1_88' title='bbox 352 1694 440 1734; x_wconf 85' lang='lat' dir='ltr'><em>mores</em></span> <span class='ocrx_word' id='word_1_89' title='bbox 453 1693 546 1733; x_wconf 88' lang='lat' dir='ltr'><em>eorum</em></span> <span class='ocrx_word' id='word_1_90' title='bbox 560 1671 834 1755; x_wconf 75' lang='lat' dir='ltr'><em>sortunaestuttibus</em></span> <span class='ocrx_word' id='word_1_91' title='bbox 848 1675 923 1756; x_wconf 87' lang='lat' dir='ltr'><em>agit,·</em></span> <span class='ocrx_word' id='word_1_92' title='bbox 946 1675 988 1736; x_wconf 87' lang='lat' dir='ltr'><em>ita</em></span> <span class='ocrx_word' id='word_1_93' title='bbox 1010 1690 1062 1756; x_wconf 90' lang='lat' dir='ltr'><em>per</em></span> <span class='ocrx_word' id='word_1_94' title='bbox 1075 1674 1237 1758; x_wconf 86' lang='lat' dir='ltr'><em>seculorum</em></span> 
     </span>
     <span class='ocr_line' id='line_1_12' title="bbox 204 1768 1237 1856; baseline -0.001 -22"><span class='ocrx_word' id='word_1_95' title='bbox 204 1770 284 1834; x_wconf 89' lang='lat' dir='ltr'><em>milia</em></span> <span class='ocrx_word' id='word_1_96' title='bbox 305 1768 474 1850; x_wconf 85' lang='lat' dir='ltr'><em>(incredibile</em></span> <span class='ocrx_word' id='word_1_97' title='bbox 490 1769 573 1851; x_wconf 82' lang='lat' dir='ltr'><em>tino)</em></span> <span class='ocrx_word' id='word_1_98' title='bbox 591 1792 659 1853; x_wconf 85' lang='lat' dir='ltr'><em>gens</em></span> <span class='ocrx_word' id='word_1_99' title='bbox 676 1783 786 1832; x_wconf 82' lang='lat' dir='ltr'><em>aeterna</em></span> <span class='ocrx_word' id='word_1_100' title='bbox 808 1773 853 1852; x_wconf 80' lang='lat' dir='ltr'><em>est,</em></span> <span class='ocrx_word' id='word_1_101' title='bbox 867 1772 896 1832; x_wconf 91' lang='lat' dir='ltr'><em>in</em></span> <span class='ocrx_word' id='word_1_102' title='bbox 916 1793 974 1852; x_wconf 88' lang='lat' dir='ltr'><em>qua</em></span> <span class='ocrx_word' id='word_1_103' title='bbox 993 1795 1068 1833; x_wconf 90' lang='lat' dir='ltr'><em>nemo</em></span> <span class='ocrx_word' id='word_1_104' title='bbox 1089 1769 1237 1856; x_wconf 82' lang='lat' dir='ltr'><em>nascitur,-</em></span> 
     </span>
     <span class='ocr_line' id='line_1_13' title="bbox 205 1865 1238 1953; baseline -0.001 -22"><span class='ocrx_word' id='word_1_105' title='bbox 205 1867 399 1950; x_wconf 82' lang='lat' dir='ltr'><em>tamsecunda</em></span> <span class='ocrx_word' id='word_1_106' title='bbox 411 1865 465 1928; x_wconf 88' lang='lat' dir='ltr'><em>illis</em></span> <span class='ocrx_word' id='word_1_107' title='bbox 482 1867 603 1930; x_wconf 89' lang='lat' dir='ltr'><em>oliorum</em></span> <span class='ocrx_word' id='word_1_108' title='bbox 617 1869 686 1930; x_wconf 84' lang='lat' dir='ltr'><em>vitae</em></span> <span class='ocrx_word' id='word_1_109' title='bbox 697 1868 860 1950; x_wconf 83' lang='lat' dir='ltr'><em>paenitentia</em></span> <span class='ocrx_word' id='word_1_110' title='bbox 881 1873 925 1950; x_wconf 80' lang='lat' dir='ltr'><em>esi.</em></span> <span class='ocrx_word' id='word_1_111' title='bbox 942 1869 1032 1953; x_wconf 89' lang='lat' dir='ltr'><em>lnfra</em></span> <span class='ocrx_word' id='word_1_112' title='bbox 1051 1869 1096 1930; x_wconf 91' lang='lat' dir='ltr'><em>bos</em></span> <span class='ocrx_word' id='word_1_113' title='bbox 1112 1867 1238 1952; x_wconf 82' lang='lat' dir='ltr'>Engada</span> 
     </span>
     <span class='ocr_line' id='line_1_14' title="bbox 131 1960 1239 2051; baseline 0.003 -26"><span class='ocrx_word' id='word_1_114' title='bbox 131 1996 135 2002; x_wconf 90' lang='lat'>·</span> <span class='ocrx_word' id='word_1_115' title='bbox 206 1965 333 2050; x_wconf 82' lang='lat' dir='ltr'><em>oppidum</em></span> <span class='ocrx_word' id='word_1_116' title='bbox 338 1960 573 2049; x_wconf 53' lang='lat' dir='ltr'><em>fuitsecundum</em></span> <span class='ocrx_word' id='word_1_117' title='bbox 582 1967 619 2026; x_wconf 91' lang='lat' dir='ltr'><em>ab</em></span> <span class='ocrx_word' id='word_1_118' title='bbox 630 1961 833 2051; x_wconf 84' lang='lat' dir='ltr'><em>Hierosolymis</em></span> <span class='ocrx_word' id='word_1_119' title='bbox 834 1965 992 2048; x_wconf 89' lang='lat' dir='ltr'><em>fertilitate</em></span> <span class='ocrx_word' id='word_1_120' title='bbox 1002 1967 1239 2050; x_wconf 85' lang='lat' dir='ltr'><em>palmetorumque</em></span> 
     </span>
     <span class='ocr_line' id='line_1_15' title="bbox 205 2061 1239 2147; baseline 0 -21"><span class='ocrx_word' id='word_1_121' title='bbox 205 2063 368 2140; x_wconf 86' lang='lat' dir='ltr'><em>nemoribus,</em></span> <span class='ocrx_word' id='word_1_122' title='bbox 382 2084 455 2123; x_wconf 86' lang='lat' dir='ltr'><em>nunc</em></span> <span class='ocrx_word' id='word_1_123' title='bbox 473 2061 595 2123; x_wconf 90' lang='lat' dir='ltr'><em>alterum</em></span> <span class='ocrx_word' id='word_1_124' title='bbox 610 2065 727 2142; x_wconf 73' lang='lat' dir='ltr'><em>bustum.</em></span> <span class='ocrx_word' id='word_1_125' title='bbox 745 2061 814 2126; x_wconf 89' lang='lat' dir='ltr'><em>Inde</em></span> <span class='ocrx_word' id='word_1_126' title='bbox 829 2061 957 2126; x_wconf 83' lang='lat' dir='ltr'><em>Masada</em></span> <span class='ocrx_word' id='word_1_127' title='bbox 973 2065 1114 2147; x_wconf 77' lang='lat' dir='ltr'><em>castellum</em></span> <span class='ocrx_word' id='word_1_128' title='bbox 1124 2065 1153 2125; x_wconf 92' lang='lat' dir='ltr'><em>in</em></span> <span class='ocrx_word' id='word_1_129' title='bbox 1169 2079 1239 2147; x_wconf 87' lang='lat' dir='ltr'><em>rupe</em></span> 
     </span>
     <span class='ocr_line' id='line_1_16' title="bbox 206 2143 1080 2247; baseline 0 -25"><span class='ocrx_word' id='word_1_130' title='bbox 206 2162 241 2222; x_wconf 59' lang='grc' dir='ltr'><em>Εἴ</em></span> <span class='ocrx_word' id='word_1_131' title='bbox 253 2159 343 2247; x_wconf 87' lang='lat' dir='ltr'><em>ipsum</em></span> <span class='ocrx_word' id='word_1_132' title='bbox 354 2157 426 2220; x_wconf 87' lang='lat' dir='ltr'><em>baut</em></span> <span class='ocrx_word' id='word_1_133' title='bbox 433 2159 538 2242; x_wconf 89' lang='lat' dir='ltr'><em>procul</em></span> <span class='ocrx_word' id='word_1_134' title='bbox 545 2143 707 2245; x_wconf 65' lang='lat' dir='ltr'><em>Asphaltite.</em></span> <span class='ocrx_word' id='word_1_135' title='bbox 721 2159 760 2222; x_wconf 79' lang='lat' dir='ltr'><em>lit</em></span> <span class='ocrx_word' id='word_1_136' title='bbox 772 2159 903 2222; x_wconf 64' lang='lat' dir='ltr'><em>haeftenus</em></span> <span class='ocrx_word' id='word_1_137' title='bbox 919 2160 1021 2222; x_wconf 82' lang='lat' dir='ltr'><em>ludaea</em></span> <span class='ocrx_word' id='word_1_138' title='bbox 1035 2161 1080 2245; x_wconf 70' lang='lat' dir='ltr'><em>ss</em></span> 
     </span>
    </p>
   </div>
   <div class='ocr_carea' id='block_1_3' title="bbox 250 2246 1349 2339">
    <p class='ocr_par' dir='ltr' id='par_1_4' title="bbox 250 2246 1349 2339">
     <span class='ocr_line' id='line_1_17' title="bbox 250 2246 1349 2339; baseline 0.006 -23"><span class='ocrx_word' id='word_1_139' title='bbox 250 2253 283 2318; x_wconf 85' lang='lat'><em>18</em></span> <span class='ocrx_word' id='word_1_140' title='bbox 299 2255 369 2336; x_wconf 78' lang='lat'>(16).</span> <span class='ocrx_word' id='word_1_141' title='bbox 392 2255 525 2338; x_wconf 83' lang='lat' dir='ltr'><em>Iungitur</em></span> <span class='ocrx_word' id='word_1_142' title='bbox 539 2257 564 2316; x_wconf 90' lang='lat' dir='ltr'><em>ei</em></span> <span class='ocrx_word' id='word_1_143' title='bbox 576 2256 663 2319; x_wconf 87' lang='lat' dir='ltr'><em>latere</em></span> <span class='ocrx_word' id='word_1_144' title='bbox 684 2255 773 2338; x_wconf 76' lang='lat' dir='ltr'><em>Syria</em></span> <span class='ocrx_word' id='word_1_145' title='bbox 793 2253 1018 2337; x_wconf 82' lang='lat' dir='ltr'><em>Decapolitana</em></span> <span class='ocrx_word' id='word_1_146' title='bbox 1031 2259 1106 2339; x_wconf 81' lang='lat' dir='ltr'><em>regio</em></span> <span class='ocrx_word' id='word_1_147' title='bbox 1126 2283 1239 2322; x_wconf 91' lang='lat' dir='ltr'><em>numero</em></span> <span class='ocrx_word' id='word_1_148' title='bbox 1345 2246 1349 2252; x_wconf 38' lang='lat'>⁵</span> 
     </span>
    </p>
   </div>
   <div class='ocr_carea' id='block_1_4' title="bbox 199 2353 1242 4386">
    <p class='ocr_par' dir='ltr' id='par_1_5' title="bbox 203 2353 1241 3219">
     <span class='ocr_line' id='line_1_18' title="bbox 206 2353 1238 2440; baseline 0.005 -26"><span class='ocrx_word' id='word_1_149' title='bbox 206 2353 377 2437; x_wconf 75' lang='lat' dir='ltr'><em>oppidorum,</em></span> <span class='ocrx_word' id='word_1_150' title='bbox 390 2354 419 2415; x_wconf 88' lang='lat' dir='ltr'><em>in</em></span> <span class='ocrx_word' id='word_1_151' title='bbox 434 2375 485 2434; x_wconf 87' lang='lat' dir='ltr'><em>quo</em></span> <span class='ocrx_word' id='word_1_152' title='bbox 507 2376 559 2415; x_wconf 89' lang='lat' dir='ltr'><em>non</em></span> <span class='ocrx_word' id='word_1_153' title='bbox 581 2376 668 2416; x_wconf 89' lang='lat' dir='ltr'><em>omnes</em></span> <span class='ocrx_word' id='word_1_154' title='bbox 688 2354 781 2417; x_wconf 87' lang='lat' dir='ltr'><em>eodem</em></span> <span class='ocrx_word' id='word_1_155' title='bbox 796 2354 957 2440; x_wconf 76' lang='lat' dir='ltr'><em>observant,</em></span> <span class='ocrx_word' id='word_1_156' title='bbox 968 2354 1126 2436; x_wconf 89' lang='lat' dir='ltr'><em>plurimum</em></span> <span class='ocrx_word' id='word_1_157' title='bbox 1147 2371 1238 2419; x_wconf 90' lang='lat' dir='ltr'><em>tamen</em></span> 
     </span>
     <span class='ocr_line' id='line_1_19' title="bbox 207 2447 1239 2534; baseline 0.004 -22"><span class='ocrx_word' id='word_1_158' title='bbox 207 2447 393 2512; x_wconf 84' lang='lat' dir='ltr'><em>Damascum</em></span> <span class='ocrx_word' id='word_1_159' title='bbox 413 2465 485 2534; x_wconf 86' lang='lat' dir='ltr'><em>epoto</em></span> <span class='ocrx_word' id='word_1_160' title='bbox 502 2452 590 2534; x_wconf 84' lang='lat' dir='ltr'><em>riguis</em></span> <span class='ocrx_word' id='word_1_161' title='bbox 598 2474 678 2514; x_wconf 85' lang='lat' dir='ltr'><em>amne</em></span> <span class='ocrx_word' id='word_1_162' title='bbox 699 2449 913 2534; x_wconf 76' lang='lat' dir='ltr'><em>Chrysorrhoas</em></span> <span class='ocrx_word' id='word_1_163' title='bbox 921 2451 1063 2534; x_wconf 86' lang='lat' dir='ltr'><em>fertilem,</em></span> <span class='ocrx_word' id='word_1_164' title='bbox 1085 2450 1239 2516; x_wconf 86' lang='lat' dir='ltr'><em>Philadel-</em></span> 
     </span>
     <span class='ocr_line' id='line_1_20' title="bbox 207 2547 1240 2632; baseline 0.004 -24"><span class='ocrx_word' id='word_1_165' title='bbox 207 2547 320 2630; x_wconf 87' lang='lat' dir='ltr'><em>phiam,</em></span> <span class='ocrx_word' id='word_1_166' title='bbox 331 2547 522 2630; x_wconf 90' lang='lat' dir='ltr'><em>Raphanam‚</em></span> <span class='ocrx_word' id='word_1_167' title='bbox 536 2549 628 2612; x_wconf 86' lang='lat' dir='ltr'><em>omnia</em></span> <span class='ocrx_word' id='word_1_168' title='bbox 642 2549 671 2610; x_wconf 91' lang='lat' dir='ltr'><em>in</em></span> <span class='ocrx_word' id='word_1_169' title='bbox 683 2548 829 2612; x_wconf 88' lang='lat' dir='ltr'><em>Arabiam</em></span> <span class='ocrx_word' id='word_1_170' title='bbox 840 2550 1003 2627; x_wconf 86' lang='lat' dir='ltr'><em>recedentia,</em></span> <span class='ocrx_word' id='word_1_171' title='bbox 1017 2548 1240 2632; x_wconf 87' lang='lat' dir='ltr'><em>Scythopolim,</em></span> 
     </span>
     <span class='ocr_line' id='line_1_21' title="bbox 207 2645 1240 2736; baseline 0.006 -30"><span class='ocrx_word' id='word_1_172' title='bbox 207 2659 291 2708; x_wconf 86' lang='lat' dir='ltr'><em>antea</em></span> <span class='ocrx_word' id='word_1_173' title='bbox 305 2645 430 2728; x_wconf 88' lang='lat' dir='ltr'><em>Nysam,</em></span> <span class='ocrx_word' id='word_1_174' title='bbox 445 2645 577 2710; x_wconf 89' lang='lat' dir='ltr'><em>aLibero</em></span> <span class='ocrx_word' id='word_1_175' title='bbox 592 2645 682 2709; x_wconf 87' lang='lat' dir='ltr'><em>Patre</em></span> <span class='ocrx_word' id='word_1_176' title='bbox 686 2646 804 2736; x_wconf 87' lang='lat' dir='ltr'><em>sepulto</em></span> <span class='ocrx_word' id='word_1_177' title='bbox 818 2646 926 2708; x_wconf 86' lang='lat' dir='ltr'><em>nutrice</em></span> <span class='ocrx_word' id='word_1_178' title='bbox 940 2647 981 2708; x_wconf 91' lang='lat' dir='ltr'><em>ibi</em></span> <span class='ocrx_word' id='word_1_179' title='bbox 998 2646 1099 2730; x_wconf 86' lang='lat' dir='ltr'><em>Scythis</em></span> <span class='ocrx_word' id='word_1_180' title='bbox 1113 2650 1240 2729; x_wconf 76' lang='lat' dir='ltr'><em>deductis,</em></span> 
     </span>
     <span class='ocr_line' id='line_1_22' title="bbox 208 2742 1241 2830; baseline 0.003 -23"><span class='ocrx_word' id='word_1_181' title='bbox 208 2742 342 2824; x_wconf 86' lang='lat' dir='ltr'><em>Gadara,</em></span> <span class='ocrx_word' id='word_1_182' title='bbox 356 2744 535 2808; x_wconf 86' lang='lat' dir='ltr'><em>Hieromice</em></span> <span class='ocrx_word' id='word_1_183' title='bbox 551 2745 729 2830; x_wconf 61' lang='lat' dir='ltr'><em>praefluente,</em></span> <span class='ocrx_word' id='word_1_184' title='bbox 743 2747 778 2807; x_wconf 57' lang='grc' dir='ltr'>ὅ</span> <span class='ocrx_word' id='word_1_185' title='bbox 791 2745 849 2807; x_wconf 91' lang='lat' dir='ltr'><em>iam</em></span> <span class='ocrx_word' id='word_1_186' title='bbox 868 2745 971 2808; x_wconf 73' lang='lat' dir='ltr'><em>dittrcm</em></span> <span class='ocrx_word' id='word_1_187' title='bbox 985 2745 1125 2828; x_wconf 89' lang='lat' dir='ltr'><em>Hippon,</em></span> <span class='ocrx_word' id='word_1_188' title='bbox 1142 2745 1241 2827; x_wconf 89' lang='lat' dir='ltr'><em>Dion,</em></span> 
     </span>
     <span class='ocr_line' id='line_1_23' title="bbox 208 2839 1239 2933; baseline 0.002 -29"><span class='ocrx_word' id='word_1_189' title='bbox 208 2839 322 2904; x_wconf 85' lang='lat' dir='ltr'><em>Pellam</em></span> <span class='ocrx_word' id='word_1_190' title='bbox 345 2844 424 2926; x_wconf 88' lang='lat' dir='ltr'><em>aquis</em></span> <span class='ocrx_word' id='word_1_191' title='bbox 437 2843 562 2922; x_wconf 84' lang='lat' dir='ltr'><em>divitem,</em></span> <span class='ocrx_word' id='word_1_192' title='bbox 578 2841 733 2922; x_wconf 87' lang='lat' dir='ltr'><em>Galasam,</em></span> <span class='ocrx_word' id='word_1_193' title='bbox 756 2842 937 2907; x_wconf 89' lang='lat' dir='ltr'><em>Canatham.</em></span> <span class='ocrx_word' id='word_1_194' title='bbox 964 2843 1163 2933; x_wconf 85' lang='lat' dir='ltr'><em>lntercursant</em></span> <span class='ocrx_word' id='word_1_195' title='bbox 1181 2846 1239 2908; x_wconf 89' lang='lat' dir='ltr'><em>cin-</em></span> 
     </span>
     <span class='ocr_line' id='line_1_24' title="bbox 203 2939 1240 3026; baseline 0.003 -24"><span class='ocrx_word' id='word_1_196' title='bbox 203 2954 326 3023; x_wconf 82' lang='lat' dir='ltr'><em>guntque</em></span> <span class='ocrx_word' id='word_1_197' title='bbox 339 2939 389 3002; x_wconf 89' lang='lat' dir='ltr'><em>bas</em></span> <span class='ocrx_word' id='word_1_198' title='bbox 404 2943 485 3003; x_wconf 88' lang='lat' dir='ltr'><em>urbes</em></span> <span class='ocrx_word' id='word_1_199' title='bbox 498 2941 670 3020; x_wconf 75' lang='lat' dir='ltr'><em>tetrarchia,</em></span> <span class='ocrx_word' id='word_1_200' title='bbox 690 2963 840 3023; x_wconf 82' lang='lat' dir='ltr'><em>regnorum</em></span> <span class='ocrx_word' id='word_1_201' title='bbox 854 2941 946 3024; x_wconf 83' lang='lat' dir='ltr'><em>instar</em></span> <span class='ocrx_word' id='word_1_202' title='bbox 956 2939 1090 3026; x_wconf 83' lang='lat' dir='ltr'><em>stngulae,</em></span> <span class='ocrx_word' id='word_1_203' title='bbox 1103 2944 1137 3005; x_wconf 67' lang='lat' dir='ltr'><em>is</em></span> <span class='ocrx_word' id='word_1_204' title='bbox 1151 2966 1240 3024; x_wconf 87' lang='lat' dir='ltr'><em>regna</em></span> 
     </span>
     <span class='ocr_line' id='line_1_25' title="bbox 207 3034 1240 3125; baseline 0.003 -25"><span class='ocrx_word' id='word_1_205' title='bbox 207 3037 429 3116; x_wconf 83' lang='lat' dir='ltr'><em>contribuuntur,</em></span> <span class='ocrx_word' id='word_1_206' title='bbox 442 3037 654 3116; x_wconf 89' lang='lat' dir='ltr'><em>Trachonitis,</em></span> <span class='ocrx_word' id='word_1_207' title='bbox 669 3034 786 3116; x_wconf 89' lang='lat' dir='ltr'><em>Panias,</em></span> <span class='ocrx_word' id='word_1_208' title='bbox 797 3038 826 3098; x_wconf 88' lang='lat' dir='ltr'><em>in</em></span> <span class='ocrx_word' id='word_1_209' title='bbox 841 3061 898 3119; x_wconf 89' lang='lat' dir='ltr'><em>quo</em></span> <span class='ocrx_word' id='word_1_210' title='bbox 914 3037 1057 3102; x_wconf 83' lang='lat' dir='ltr'><em>Caesaraea</em></span> <span class='ocrx_word' id='word_1_211' title='bbox 1070 3063 1132 3101; x_wconf 91' lang='lat' dir='ltr'><em>cum</em></span> <span class='ocrx_word' id='word_1_212' title='bbox 1138 3037 1240 3125; x_wconf 88' lang='lat' dir='ltr'><em>supro</em></span> 
     </span>
     <span class='ocr_line' id='line_1_26' title="bbox 207 3131 968 3219; baseline -0.001 -21"><span class='ocrx_word' id='word_1_213' title='bbox 207 3135 371 3219; x_wconf 75' lang='lat' dir='ltr'><em>dittofmte,</em></span> <span class='ocrx_word' id='word_1_214' title='bbox 386 3134 521 3213; x_wconf 89' lang='lat' dir='ltr'><em>Ambila,</em></span> <span class='ocrx_word' id='word_1_215' title='bbox 536 3136 628 3213; x_wconf 85' lang='lat' dir='ltr'><em>Arca,</em></span> <span class='ocrx_word' id='word_1_216' title='bbox 644 3131 851 3216; x_wconf 87' lang='lat' dir='ltr'><em>Ampeloessa,</em></span> <span class='ocrx_word' id='word_1_217' title='bbox 868 3135 968 3199; x_wconf 91' lang='lat' dir='ltr'><em>Gabe.</em></span> 
     </span>
    </p>

    <p class='ocr_par' dir='ltr' id='par_1_6' title="bbox 199 3229 1242 4386">
     <span class='ocr_line' id='line_1_27' title="bbox 250 3229 1239 3318; baseline 0.001 -23"><span class='ocrx_word' id='word_1_218' title='bbox 250 3251 285 3315; x_wconf 86' lang='lat'><em>19</em></span> <span class='ocrx_word' id='word_1_219' title='bbox 296 3240 366 3315; x_wconf 83' lang='lat'>(17).</span> <span class='ocrx_word' id='word_1_220' title='bbox 378 3232 458 3295; x_wconf 89' lang='lat' dir='ltr'><em>Hinc</em></span> <span class='ocrx_word' id='word_1_221' title='bbox 467 3229 637 3295; x_wconf 86' lang='lat' dir='ltr'><em>redeundum</em></span> <span class='ocrx_word' id='word_1_222' title='bbox 647 3234 686 3314; x_wconf 77' lang='lat' dir='ltr'><em>est</em></span> <span class='ocrx_word' id='word_1_223' title='bbox 695 3233 738 3294; x_wconf 90' lang='lat' dir='ltr'><em>od</em></span> <span class='ocrx_word' id='word_1_224' title='bbox 746 3255 826 3294; x_wconf 85' lang='lat' dir='ltr'><em>oram</em></span> <span class='ocrx_word' id='word_1_225' title='bbox 838 3247 919 3315; x_wconf 83' lang='lat' dir='ltr'><em>atque</em></span> <span class='ocrx_word' id='word_1_226' title='bbox 928 3229 1105 3296; x_wconf 76' lang='lat' dir='ltr'><em>Phoenicen.</em></span> <span class='ocrx_word' id='word_1_227' title='bbox 1118 3233 1185 3295; x_wconf 87' lang='lat' dir='ltr'><em>Fuit</em></span> <span class='ocrx_word' id='word_1_228' title='bbox 1191 3251 1239 3318; x_wconf 85' lang='lat' dir='ltr'><em>op·</em></span> 
     </span>
     <span class='ocr_line' id='line_1_28' title="bbox 203 3329 1240 3416; baseline 0.001 -24"><span class='ocrx_word' id='word_1_229' title='bbox 203 3331 302 3416; x_wconf 87' lang='lat' dir='ltr'><em>pidum</em></span> <span class='ocrx_word' id='word_1_230' title='bbox 312 3330 513 3410; x_wconf 86' lang='lat' dir='ltr'><em>Crocodilon,</em></span> <span class='ocrx_word' id='word_1_231' title='bbox 523 3329 685 3414; x_wconf 85' lang='lat' dir='ltr'><em>estflumm,·</em></span> <span class='ocrx_word' id='word_1_232' title='bbox 695 3330 828 3392; x_wconf 90' lang='lat' dir='ltr'><em>memoria</em></span> <span class='ocrx_word' id='word_1_233' title='bbox 837 3330 950 3392; x_wconf 88' lang='lat' dir='ltr'><em>urbium</em></span> <span class='ocrx_word' id='word_1_234' title='bbox 961 3329 1097 3410; x_wconf 90' lang='lat' dir='ltr'><em>Dorum,</em></span> <span class='ocrx_word' id='word_1_235' title='bbox 1105 3329 1240 3412; x_wconf 90' lang='lat' dir='ltr'><em>Sycami-</em></span> 
     </span>
     <span class='ocr_line' id='line_1_29' title="bbox 206 3425 1240 3510; baseline 0 -21"><span class='ocrx_word' id='word_1_236' title='bbox 206 3447 292 3505; x_wconf 90' lang='lat' dir='ltr'><em>num,</em></span> <span class='ocrx_word' id='word_1_237' title='bbox 295 3429 523 3510; x_wconf 87' lang='lat' dir='ltr'><em>promunturium</em></span> <span class='ocrx_word' id='word_1_238' title='bbox 531 3425 882 3490; x_wconf 80' lang='lat' dir='ltr'><em>Carmelum&amp;inmonte</em></span> <span class='ocrx_word' id='word_1_239' title='bbox 889 3427 1018 3510; x_wconf 88' lang='lat' dir='ltr'><em>oppidum</em></span> <span class='ocrx_word' id='word_1_240' title='bbox 1027 3427 1115 3489; x_wconf 88' lang='lat' dir='ltr'><em>eodem</em></span> <span class='ocrx_word' id='word_1_241' title='bbox 1125 3428 1240 3504; x_wconf 88' lang='lat' dir='ltr'><em>nomine,</em></span> 
     </span>
     <span class='ocr_line' id='line_1_30' title="bbox 207 3522 1237 3606; baseline 0.001 -21"><span class='ocrx_word' id='word_1_242' title='bbox 207 3524 344 3606; x_wconf 88' lang='lat' dir='ltr'><em>quondam</em></span> <span class='ocrx_word' id='word_1_243' title='bbox 358 3523 517 3587; x_wconf 86' lang='lat' dir='ltr'><em>Acbatana</em></span> <span class='ocrx_word' id='word_1_244' title='bbox 533 3524 643 3586; x_wconf 79' lang='lat' dir='ltr'><em>dictum.</em></span> <span class='ocrx_word' id='word_1_245' title='bbox 666 3524 751 3586; x_wconf 75' lang='lat' dir='ltr'><em>luxto</em></span> <span class='ocrx_word' id='word_1_246' title='bbox 772 3524 879 3604; x_wconf 85' lang='lat' dir='ltr'><em>Getta,</em></span> <span class='ocrx_word' id='word_1_247' title='bbox 901 3524 1003 3603; x_wconf 89' lang='lat' dir='ltr'><em>Geba,</em></span> <span class='ocrx_word' id='word_1_248' title='bbox 1023 3526 1104 3586; x_wconf 88' lang='lat' dir='ltr'><em>rivus</em></span> <span class='ocrx_word' id='word_1_249' title='bbox 1126 3522 1237 3587; x_wconf 89' lang='lat' dir='ltr'><em>Pacida</em></span> 
     </span>
     <span class='ocr_line' id='line_1_31' title="bbox 208 3619 1240 3708; baseline 0.002 -26"><span class='ocrx_word' id='word_1_250' title='bbox 208 3619 267 3698; x_wconf 72' lang='lat' dir='ltr'><em>five</em></span> <span class='ocrx_word' id='word_1_251' title='bbox 277 3619 369 3684; x_wconf 89' lang='lat' dir='ltr'><em>Belus</em></span> <span class='ocrx_word' id='word_1_252' title='bbox 380 3621 454 3683; x_wconf 88' lang='lat' dir='ltr'><em>vitri</em></span> <span class='ocrx_word' id='word_1_253' title='bbox 457 3621 569 3705; x_wconf 87' lang='lat' dir='ltr'><em>fertilis</em></span> <span class='ocrx_word' id='word_1_254' title='bbox 579 3621 702 3685; x_wconf 87' lang='lat' dir='ltr'><em>barenas</em></span> <span class='ocrx_word' id='word_1_255' title='bbox 709 3635 806 3703; x_wconf 87' lang='lat' dir='ltr'><em>parvo</em></span> <span class='ocrx_word' id='word_1_256' title='bbox 816 3621 893 3683; x_wconf 87' lang='lat' dir='ltr'><em>litori</em></span> <span class='ocrx_word' id='word_1_257' title='bbox 899 3621 1024 3708; x_wconf 78' lang='lat' dir='ltr'><em>miscens.</em></span> <span class='ocrx_word' id='word_1_258' title='bbox 1042 3620 1105 3707; x_wconf 88' lang='lat' dir='ltr'><em>lpse</em></span> <span class='ocrx_word' id='word_1_259' title='bbox 1115 3646 1128 3682; x_wconf 92' lang='lat' dir='ltr'><em>e</em></span> <span class='ocrx_word' id='word_1_260' title='bbox 1133 3622 1240 3705; x_wconf 88' lang='lat' dir='ltr'><em>palude</em></span> 
     </span>
     <span class='ocr_line' id='line_1_32' title="bbox 208 3717 1239 3803; baseline 0 -21"><span class='ocrx_word' id='word_1_261' title='bbox 208 3718 367 3782; x_wconf 74' lang='lat' dir='ltr'><em>Candavia</em></span> <span class='ocrx_word' id='word_1_262' title='bbox 381 3743 400 3781; x_wconf 89' lang='lat' dir='ltr'><em>a</em></span> <span class='ocrx_word' id='word_1_263' title='bbox 414 3719 556 3782; x_wconf 87' lang='lat' dir='ltr'><em>radicibus</em></span> <span class='ocrx_word' id='word_1_264' title='bbox 569 3717 696 3781; x_wconf 89' lang='lat' dir='ltr'><em>Carmeli</em></span> <span class='ocrx_word' id='word_1_265' title='bbox 705 3718 833 3803; x_wconf 90' lang='lat' dir='ltr'><em>profluit,</em></span> <span class='ocrx_word' id='word_1_266' title='bbox 847 3719 928 3781; x_wconf 81' lang='lat' dir='ltr'><em>iuxta</em></span> <span class='ocrx_word' id='word_1_267' title='bbox 941 3718 1046 3781; x_wconf 87' lang='lat' dir='ltr'><em>colonia</em></span> <span class='ocrx_word' id='word_1_268' title='bbox 1058 3719 1164 3780; x_wconf 86' lang='lat' dir='ltr'><em>Claudi</em></span> <span class='ocrx_word' id='word_1_269' title='bbox 1174 3720 1239 3782; x_wconf 88' lang='lat' dir='ltr'><em>Cae·</em></span> 
     </span>
     <span class='ocr_line' id='line_1_33' title="bbox 199 3814 1238 3905; baseline 0.001 -28"><span class='ocrx_word' id='word_1_270' title='bbox 199 3816 283 3905; x_wconf 86' lang='lat' dir='ltr'><em>saris</em></span> <span class='ocrx_word' id='word_1_271' title='bbox 296 3814 462 3879; x_wconf 89' lang='lat' dir='ltr'><em>Ptolemais</em></span> <span class='ocrx_word' id='word_1_272' title='bbox 473 3838 535 3899; x_wconf 83' lang='lat' dir='ltr'><em>quae</em></span> <span class='ocrx_word' id='word_1_273' title='bbox 545 3817 681 3899; x_wconf 88' lang='lat' dir='ltr'><em>qumdom</em></span> <span class='ocrx_word' id='word_1_274' title='bbox 692 3815 792 3892; x_wconf 86' lang='lat' dir='ltr'><em>Acce;</em></span> <span class='ocrx_word' id='word_1_275' title='bbox 807 3816 936 3900; x_wconf 89' lang='lat' dir='ltr'><em>oppidum</em></span> <span class='ocrx_word' id='word_1_276' title='bbox 945 3814 1096 3897; x_wconf 87' lang='lat' dir='ltr'><em>Ecdippa,</em></span> <span class='ocrx_word' id='word_1_277' title='bbox 1099 3830 1238 3898; x_wconf 90' lang='lat' dir='ltr'><em>promun-</em></span> 
     </span>
     <span class='ocr_line' id='line_1_34' title="bbox 208 3909 1239 4002; baseline 0 -26"><span class='ocrx_word' id='word_1_278' title='bbox 208 3915 314 3977; x_wconf 88' lang='lat' dir='ltr'><em>turium</em></span> <span class='ocrx_word' id='word_1_279' title='bbox 330 3913 456 3976; x_wconf 90' lang='lat' dir='ltr'><em>Album.</em></span> <span class='ocrx_word' id='word_1_280' title='bbox 470 3913 585 3997; x_wconf 88' lang='lat' dir='ltr'><em>Tyros,</em></span> <span class='ocrx_word' id='word_1_281' title='bbox 598 3914 736 3994; x_wconf 87' lang='lat' dir='ltr'><em>quondam</em></span> <span class='ocrx_word' id='word_1_282' title='bbox 756 3909 853 4000; x_wconf 89' lang='lat' dir='ltr'><em>insula</em></span> <span class='ocrx_word' id='word_1_283' title='bbox 871 3913 994 3996; x_wconf 84' lang='lat' dir='ltr'><em>praeolto</em></span> <span class='ocrx_word' id='word_1_284' title='bbox 1008 3912 1087 3975; x_wconf 87' lang='lat' dir='ltr'><em>mari</em></span> <span class='ocrx_word' id='word_1_285' title='bbox 1099 3913 1155 3974; x_wconf 86' lang='lat' dir='ltr'><em>dac.</em></span> <span class='ocrx_word' id='word_1_286' title='bbox 1167 3915 1239 4002; x_wconf 87' lang='lat' dir='ltr'><em>pos·</em></span> 
     </span>
     <span class='ocr_line' id='line_1_35' title="bbox 201 4009 1240 4100; baseline 0 -26"><span class='ocrx_word' id='word_1_287' title='bbox 201 4011 282 4100; x_wconf 81' lang='lat' dir='ltr'><em>fibns</em></span> <span class='ocrx_word' id='word_1_288' title='bbox 295 4009 401 4098; x_wconf 67' lang='lat' dir='ltr'><em>diuisa,</em></span> <span class='ocrx_word' id='word_1_289' title='bbox 415 4035 488 4073; x_wconf 90' lang='lat' dir='ltr'><em>nunc</em></span> <span class='ocrx_word' id='word_1_290' title='bbox 501 4034 570 4074; x_wconf 86' lang='lat' dir='ltr'><em>uero</em></span> <span class='ocrx_word' id='word_1_291' title='bbox 584 4009 741 4074; x_wconf 64' lang='lat' dir='ltr'><em>menandri</em></span> <span class='ocrx_word' id='word_1_292' title='bbox 754 4011 936 4094; x_wconf 86' lang='lat' dir='ltr'><em>oppugnantis</em></span> <span class='ocrx_word' id='word_1_293' title='bbox 956 4011 1082 4093; x_wconf 88' lang='lat' dir='ltr'><em>operibus</em></span> <span class='ocrx_word' id='word_1_294' title='bbox 1097 4011 1240 4090; x_wconf 87' lang='lat' dir='ltr'><em>continens,</em></span> 
     </span>
     <span class='ocr_line' id='line_1_36' title="bbox 209 4107 1242 4192; baseline -0.005 -19"><span class='ocrx_word' id='word_1_295' title='bbox 209 4111 271 4174; x_wconf 92' lang='lat' dir='ltr'><em>olim</em></span> <span class='ocrx_word' id='word_1_296' title='bbox 289 4123 379 4192; x_wconf 89' lang='lat' dir='ltr'><em>partu</em></span> <span class='ocrx_word' id='word_1_297' title='bbox 398 4110 482 4172; x_wconf 91' lang='lat' dir='ltr'><em>claro</em></span> <span class='ocrx_word' id='word_1_298' title='bbox 501 4110 615 4171; x_wconf 89' lang='lat' dir='ltr'><em>urbibus</em></span> <span class='ocrx_word' id='word_1_299' title='bbox 631 4107 730 4190; x_wconf 85' lang='lat' dir='ltr'><em>genitis</em></span> <span class='ocrx_word' id='word_1_300' title='bbox 754 4107 857 4189; x_wconf 84' lang='lat' dir='ltr'><em>Lepti,</em></span> <span class='ocrx_word' id='word_1_301' title='bbox 873 4107 976 4186; x_wconf 88' lang='lat' dir='ltr'><em>Utica,</em></span> <span class='ocrx_word' id='word_1_302' title='bbox 995 4111 1028 4171; x_wconf 71' lang='lat' dir='ltr'><em>sal</em></span> <span class='ocrx_word' id='word_1_303' title='bbox 1042 4108 1093 4170; x_wconf 88' lang='lat' dir='ltr'><em>illa</em></span> <span class='ocrx_word' id='word_1_304' title='bbox 1114 4108 1242 4171; x_wconf 89' lang='lat' dir='ltr'><em>Romani</em></span> 
     </span>
     <span class='ocr_line' id='line_1_37' title="bbox 209 4204 1239 4292; baseline -0.004 -21"><span class='ocrx_word' id='word_1_305' title='bbox 209 4208 321 4292; x_wconf 89' lang='lat' dir='ltr'><em>imperij</em></span> <span class='ocrx_word' id='word_1_306' title='bbox 332 4207 438 4270; x_wconf 87' lang='lat' dir='ltr'><em>aemula</em></span> <span class='ocrx_word' id='word_1_307' title='bbox 452 4221 651 4287; x_wconf 86' lang='lat' dir='ltr'><em>terrorumque</em></span> <span class='ocrx_word' id='word_1_308' title='bbox 664 4205 737 4269; x_wconf 89' lang='lat' dir='ltr'><em>orbis</em></span> <span class='ocrx_word' id='word_1_309' title='bbox 751 4206 842 4268; x_wconf 88' lang='lat' dir='ltr'><em>avida</em></span> <span class='ocrx_word' id='word_1_310' title='bbox 856 4205 1053 4288; x_wconf 86' lang='lat' dir='ltr'><em>Carthagine,</em></span> <span class='ocrx_word' id='word_1_311' title='bbox 1071 4204 1153 4268; x_wconf 86' lang='lat' dir='ltr'><em>etiam</em></span> <span class='ocrx_word' id='word_1_312' title='bbox 1170 4204 1239 4270; x_wconf 89' lang='lat' dir='ltr'><em>Ga-</em></span> 
     </span>
     <span class='ocr_line' id='line_1_38' title="bbox 209 4302 1241 4386; baseline -0.005 -17"><span class='ocrx_word' id='word_1_313' title='bbox 209 4306 298 4370; x_wconf 88' lang='lat' dir='ltr'><em>dibus</em></span> <span class='ocrx_word' id='word_1_314' title='bbox 309 4319 391 4368; x_wconf 81' lang='lat' dir='ltr'><em>entra</em></span> <span class='ocrx_word' id='word_1_315' title='bbox 402 4308 493 4383; x_wconf 85' lang='lat' dir='ltr'><em>orbem</em></span> <span class='ocrx_word' id='word_1_316' title='bbox 504 4304 626 4377; x_wconf 86' lang='lat' dir='ltr'><em>cmditis,·</em></span> <span class='ocrx_word' id='word_1_317' title='bbox 636 4326 708 4366; x_wconf 90' lang='lat' dir='ltr'><em>nnnc</em></span> <span class='ocrx_word' id='word_1_318' title='bbox 719 4304 804 4366; x_wconf 86' lang='lat' dir='ltr'><em>omnis</em></span> <span class='ocrx_word' id='word_1_319' title='bbox 812 4304 867 4367; x_wconf 86' lang='lat' dir='ltr'><em>eius</em></span> <span class='ocrx_word' id='word_1_320' title='bbox 877 4302 1005 4366; x_wconf 87' lang='lat' dir='ltr'><em>nobilitas</em></span> <span class='ocrx_word' id='word_1_321' title='bbox 1015 4303 1148 4386; x_wconf 86' lang='lat' dir='ltr'><em>cmcbylio</em></span> <span class='ocrx_word' id='word_1_322' title='bbox 1160 4316 1241 4385; x_wconf 90' lang='lat' dir='ltr'><em>atque</em></span> 
     </span>
    </p>
   </div>
   <div class='ocr_carea' id='block_1_5' title="bbox 335 4422 356 4475">
    <p class='ocr_par' dir='ltr' id='par_1_7' title="bbox 335 4422 356 4475">
     <span class='ocr_line' id='line_1_39' title="bbox 335 4422 356 4475; baseline 0 0"><span class='ocrx_word' id='word_1_323' title='bbox 335 4422 356 4475; x_wconf 85' lang='lat' dir='ltr'>P</span> 
     </span>
    </p>
   </div>
   <div class='ocr_carea' id='block_1_6' title="bbox 0 0 1734 5704">
    <p class='ocr_par' dir='ltr' id='par_1_8' title="bbox 0 0 1734 5704">
     <span class='ocr_line' id='line_1_40' title="bbox 0 0 1734 5704; baseline 0 0"><span class='ocrx_word' id='word_1_324' title='bbox 0 0 1734 5704; x_wconf 95' lang='lat' dir='ltr'><em> </em></span> 
     </span>
    </p>
   </div>
  </div>
 </body>
</html>
