3296 5700
282 559 569 615 uoumronrcou
594 561 880 617 summanum.
1021 545 1085 622 281

54 803 125 875 XL.
153 806 231 876 Cum
251 809 417 875 innumeris
433 809 657 900 magistratibus
668 808 803 902 populus
823 813 1006 900 atquinium·
1027 811 1095 877 laus

400 919 469 983 ‘Deo
490 913 522 983 δ’
543 915 743 984 Willibaldo.
757 929 770 956 ⁶

107 1096 147 1166 Et
163 1097 218 1169 ille
235 1093 455 1189 Willibaldus,
479 1100 628 1194 quicum
645 1099 757 1196 paucis
774 1096 966 1194 adprimitur
982 1099 1095 1170 satelli·

57 1229 132 1274 tum
157 1201 302 1276 subsidiis
317 1201 437 1276 'sancte
459 1206 714 1278 conversationis
739 1204 952 1278 inchoaverat
976 1207 1096 1278 enerci-

58 1313 145 1382 tium
168 1313 204 1381 &
222 1307 357 1382 tandem
375 1336 452 1382 cum
471 1313 649 1383 innumeris
665 1311 822 1382 aulatium
838 1309 1095 1408 magistratibus*

59 1417 308 1490 multiformiter
331 1416 505 1490 militando
523 1421 673 1490 Domino
696 1417 835 1516 dignum
853 1416 1020 1513 acquisivit
1034 1445 1096 1517 po·

59 1525 191 1622 pulum.
219 1525 255 1597 Et
275 1527 338 1598 late
357 1525 409 1598 ille
425 1551 485 1622 pet
509 1527 732 1596 Baioariorum
750 1525 978 1621 provinciam‘
993 1551 1097 1598 aratra

60 1630 242 1724 trudendo,
271 1635 338 1705 sata
361 1631 510 1723 serend0,
528 1631 678 1703 ‘mellem
703 1630 861 1703 metendo
889 1658 965 1703 cum
989 1633 1098 1704 multis

61 1737 246 1810 meliorum
257 1739 411 1836 operariis
426 1765 484 1834 pet
498 1740 618 1810 vitreos
634 1740 857 1810 Baioariorum
872 1763 1009 1835 campos
1020 1764 1097 1811 cum

63 1842 206 1916 ecclefiis
224 1870 323 1942 atque
339 1843 544 1944 presbyteriis
570 1847 823 1941 [anulorumque
838 1844 978 1941 reliquiis
996 1843 1097 1943 digna

63 1952 218 2022 Domino
241 1949 365 2023 delibat
382 1951 482 2024 dona.
503 1949 580 2024 lnde
604 1977 692 2024 nunc
716 1952 897 2048 antiphone
927 1953 1097 2049 crepitant,

67 2055 144 2128 inde
151 2057 312 2128 lectiones
320 2059 483 2149 resultant,
495 2056 574 2129 inde
581 2083 670 2131 nunc
680 2058 767 2128 clara
779 2055 985 2128 credentium
993 2057 1098 2150 turba,

68 2161 178 2234 saneta
197 2163 364 2260 strepitant
380 2165 499 2236 Christi
517 2165 683 2254 miracula,
699 2167 735 2235 δι
752 2161 959 2236 celeberrima
981 2164 1098 2237 condi·

68 2273 145 2342 toris
163 2268 400 2367 gratulabundi
412 2271 578 2369 garrulam
591 2272 758 2368 preconia.
777 2270 871 2369 Quid
884 2270 993 2342 dicam
1010 2296 1099 2342 nunc

67 2373 107 2448 de
115 2375 327 2466 Willibaldo,
341 2377 441 2449 meod
455 2379 609 2476 magistro
618 2381 653 2449 ἃ
662 2379 766 2451 vestro
781 2379 935 2450 alumno?
944 2378 1028 2474 Quis
1041 2377 1099 2449 illo

68 2486 187 2579 pietate
208 2485 409 2581 prestantior,
428 2485 608 2556 humilitate
625 2478 845 2575 excellentior,
863 2487 1019 2581 patientia
1036 2508 1098 2581 pu-

68 2593 141 2682 rior,
160 2593 369 2663 continentia
387 2590 533 2689 rigidior,
552 2593 800 2665 mansuetudine
817 2595 940 2664 maior?
962 2593 1028 2664 Cui
1046 2591 1100 2664 ille

69 2724 217 2795 unquam
229 2699 282 2770 hic
295 2699 328 2769 in
343 2699 476 2771 tristium
486 2700 600 2771 solatio
614 2702 784 2798 posterior,
797 2703 832 2772 ἀ
844 2702 898 2771 cui
910 2699 964 2772 ille
974 2703 1009 2771 in
1020 2726 1099 2798 pau-

70 2833 181 2902 perum
203 2807 419 2904 opitulatione
436 2807 571 2879 inferior
582 2810 684 2881 autin
701 2806 889 2879 nudorum‘
904 2804 1017 2878 habitu
1036 2831 1098 2877 tar·

70 2911 161 2985 dior?
190 2917 250 2986 lsta
267 2915 381 2985 omnia
398 2940 467 2984 non
485 2912 528 2986 ad
543 2915 731 2988 iaciantiam
747 2913 847 3003 diua,
869 2912 924 2984 sed
940 2912 1018 2984 ficut
1033 2912 1100 2984 vidi

71 3019 242 3113 &audivi
258 3021 323 3093 Dei
340 3023 454 3119 gratia,
478 3046 548 3093 non
564 3021 707 3092 hominis
727 3021 823 3110 fadla,
845 3021 902 3116 qui
920 3017 1100 3091 secundum

75 3128 286 3224 Apostolum:
306 3131 370 3222 Qui
384 3127 575 3222 gloriatura
587 3135 617 3200 iu
632 3133 769 3200 ‘Domino
784 3129 936 3220 glorietur
949 3131 975 3220 (l
989 3131 1030 3197 ud
1040 3131 1102 3197 Co·
1204 3201 1212 3214 ,

73 3242 154 3322 rim,
172 3241 193 3327 l,
209 3243 284 3333 31).

106 3440 128 3474 a.
145 3422 243 3476 Titulus
253 3427 278 3476 d.
290 3423 554 3490 irrMb.,P.-b.Mb.
622 3425 676 3477 Mb.
691 3453 726 3463 -·
740 3441 762 3475 e.
777 3425 830 3476 Mb.
844 3422 955 3474 nuditum.
970 3421 1035 3473 -f.
1052 3421 1103 3472 Mb.

76 3502 225 3571 magistratu.
242 3531 274 3543 -
288 3520 310 3556 c.
330 3504 384 3557 Mb.
401 3521 445 3572 pet
460 3503 554 3555 vastam
622 3501 748 3570 glorietur.

77 3582 290 3636 Baiuuuariorum.
316 3613 349 3623 -
373 3584 398 3634 d.
420 3600 477 3634 meo
491 3584 516 3634 d.
530 3583 556 3633 in
